3884 5342
980 442 1098 541 64
1410 428 2883 520 DssMonAsa-amo

852 576 1368 762 §Mi'hssf'bm
1386 630 1415 677 ‚
1462 573 1562 658 o*
1614 575 1923 680 antiqua
1970 579 2071 662 o*
2118 581 2310 662 bona
2358 578 2870 686 consuetudine
2931 579 3166 663 deseri
3174 542 3486 707 pserunt
3509 637 3548 701 ‚

914 707 979 762 18
1029 704 1162 761 Ver
1219 704 1321 759 18:

853 887 974 959 Ex
1022 876 1696 958 Terministionibus
1746 889 1871 960 XI.
1923 891 2230 963 Patr-um
2281 880 2614 983 capituli
2673 877 3041 982 generalis
3092 882 3276 960 anni
3301 898 3308 909 ’
3335 913 3364 963 1
3382 891 3550 985 583.
3591 890 3602 899 “

954 1005 1111 1081 quae
1161 1005 1291 1059 ms.
1348 980 1754 1082 firmantur
1821 981 1905 1061 in
1952 978 2412 1069 Bibliotecba
2458 982 2894 1089 Monasterii
2960 993 3036 1064 S.
3077 981 3344 1066 Maria
3391 992 3554 1065 Ser·-

954 1106 1221 1160 vorum
1271 1078 1364 1161 de
1409 1079 1728 1164 Wnetiis
1741 1140 1761 1161 .
1865 1130 1887 1139 --
2167 1090 2178 1101 '
2245 1124 2256 1141 =

868 1310 874 1318 ·
956 1339 1015 1383 ‚,
1062 1282 1299 1373 Licet,
1330 1307 1426 1363 ex
1478 1283 2013 1366 traditionibus
2056 1341 2083 1384 ‚
2132 1287 2207 1366 δε
2255 1287 2566 1390 antiqua
2608 1341 2635 1385 ,
2700 1287 2776 1368 8<
2829 1287 3029 1366 bona
3079 1285 3550 1367 consuetudi-

858 1400 919 1483 ,‚'
967 1409 1112 1480 ne,
1164 1383 1576 1487 unicuique
1631 1385 1967 1466 nostrum
2020 1387 2555 1485 confratrum,
2625 1412 2853 1492 quam
2907 1385 3305 1467 laudabilis
3355 1386 3553 1467 olim

864 1537 920 1583 ‚‚
968 1482 1194 1564 fuerit
1266 1484 1549 1583 forma,
1599 1486 1675 1564 δε
1727 1486 2030 1566 habitus
2084 1488 2345 1567 nostrae
2396 1486 3007 1590 congregationis
3075 1484 3554 1569 manifestum

852 1638 912 1683 ‚,
961 1584 1095 1681 fit,
1146 1605 1483 1666 attamen
1533 1588 1841 1687 quidam
1896 1600 2052 1667 non
2103 1589 2348 1668 solum
2371 1589 2891 1686 verecundiae,
2941 1587 3064 1667 sed
3087 1586 3399 1688 propriae
3450 1587 3556 1667 sa·

851 1724 912 1785 ·‚‚
965 1685 1145 1765 lutis
1196 1686 1687 1767 immemores
1732 1690 1827 1765 ab
1879 1709 2126 1768 aratro
2178 1690 2657 1790 respicientes
2707 1706 2909 1767 retro
2949 1743 2976 1781 ‚
3047 1711 3294 1769 rerum
3345 1687 3553 1767 secu-

720 1810 727 1817 ·
855 1839 914 1883 ,‚
965 1786 1240 1865 larium
1293 1808 1664 1867 amatores
1717 1789 2002 1903 magis,
2051 1812 2278 1889 quam
2333 1790 2793 1891 regularium
2847 1789 3364 1868 institutorum
3391 1812 3559 1868 mo-

861 1939 919 1983 „
971 1885 1179 1965 ribus
1252 1887 1494 1984 ravis,
1515 1914 1604 1967 ac
1629 1888 2255 1969 innovationibus
2277 1889 2489 1969 illam
2516 1892 2850 1991 veterem
2871 1915 2916 1967 a
2936 1889 3218 1990 Spiritu
3242 1886 3517 1968 SanE'to
3534 1941 3570 1987 ‚

855 2039 913 2083 „
965 1984 1049 2065 in
1100 1984 1180 2088 ip
1210 2014 1261 2065 o
1312 1987 1540 2068 initio
1591 1988 1985 2068 inventam
2035 1989 2374 2091 quotidie
2426 1991 2828 2093 depravare
2851 1989 3183 2070 student·
3252 1987 3560 2069 Idcirco

860 2140 918 2184 ‚‚
968 2112 1013 2166 a
1067 2087 1415 2168 Patribus
1466 2087 1600 2169 XI.
1673 2088 1759 2169 in
1808 2091 2148 2191 capitulo
2198 2092 2533 2193 generali
2605 2091 2910 2172 habitus
2981 2091 3230 2173 noster
3280 2088 3392 2171 ita
3441 2091 3566 2169 de-

863 2240 922 2289 „
971 2188 1288 2288 scrip'tus
1338 2188 1484 2267 est.
3517 2198 3524 2207 ‘

965 2342 1021 2384 „
1074 2288 1230 2367 Die
1282 2308 1512 2368 xvm.
1565 2290 1748 2390 Julii
1805 2293 2264 2375 MDLxxxv:

965 2443 1027 2486 ‚,
1073 2390 1311 2489 Super
1383 2391 1721 2472 Carnem
1784 2396 2168 2476 deferatur
2240 2397 2459 2475 lanea
2532 2395 2890 2477 staminea
2930 2452 2956 2493 ‚
3027 2410 3111 2474 ut
3185 2392 3562 2477 convenit

862 2518 925 2591 ·‚‚
971 2490 1583 2592 ‚congregationi
1639 2494 1897 2576 nostrae
1938 2552 1965 2593 ‚
2043 2497 2347 2576 Tunica
2425 2500 2660 2599 vulgo
2714 2501 2787 2578 la
2840 2499 3185 2577 sottanna
3237 2493 3562 2575 interior

863 2645 921 2689 „
970 2589 1057 2668 fit
1109 2592 1279 2671 alba
1331 2612 1425 2671 ex
1477 2604 1776 2695 panno,
1828 2599 1953 2677 vel
1978 2623 2070 2678 ex
2094 2598 2228 2677 illa
2251 2599 2644 2696 Tenum,
2695 2624 2858 2700 quae
2906 2598 3197 2697 vulgari
3223 2597 3568 2675 sermone

864 2745 921 2790 „
972 2689 1252 2770 dicitur
1273 2691 1485 2792 Saia,
1539 2697 1662 2775 vel
1717 2699 1894 2776 raffa
1944 2723 2041 2779 ex
2093 2698 2326 2777 ovina
2377 2699 2550 2778 lana
2603 2701 2809 2799 juxta
2862 2698 3322 2776 laudabilem
3347 2696 3568 2774 usum

865 2843 926 2890 ,‚
972 2791 1665 2895 Congregationis‚
1695 2820 2115 2901 nepropter
2139 2798 2639 2880 subtilitatem
2663 2800 2748 2877 Iit
2772 2798 3333 2891 damnabilem,
3381 2818 3571 2875 cum

869 2943 927 2988 ‚,
979 2893 1283 2974 nodulis
1335 2896 1572 2996 vulgo
1624 2898 1931 2978 Bottoni
1967 2955 1993 2995 ‚
2045 2900 2321 3000 quibus
2372 2900 2894 3002 Congregatio
2941 2920 3039 2976 ex
3087 2897 3334 2975 'veteri
3386 2919 3573 2973 con-

868 3046 926 3090 „
976 2993 1371 3073 suetudine
1426 2997 1715 3093 utitur,
1765 3000 2125 3089 confeffls
2179 3024 2272 3079 ex
2324 3003 2590 3079 eodem
2625 3003 2937 3093 Pamin,
2984 2997 3058 3076 8<
3113 3019 3408 3074 textura
3463 2995 3577 3074 su-

871 3145 931 3191 „
980 3093 1230 3193 perius
1276 3094 1474 3174 diaa
1517 3151 1544 3192 ‚
1626 3100 1868 3179 veluti
1939 3126 2035 3178 ex
2087 3100 2402 3179 materia
2474 3099 2695 3201 ipfius
2746 3098 2965 3179 vestis
3029 3112 3212 3174 ‘c‘um
3281 3095 3579 3174 collare

872 3244 942 3290 aa
982 3193 1352 3369 ‹sffepreffm
1402 3196 1478 3275 8(
1529 3195 1734 3279 atero
1785 3201 1877 3280 ad
1926 3200 2506 3302 proportionem
2559 3199 2793 3296 colli,
2843 3200 2919 3279 &
2968 3195 3303 3277 debitam
3353 3216 3575 3274 men-

875 3345 934 3390 ,‚
1021 3318 1277 3372 uram.

977 3447 1032 3488 „
1084 3394 1354 3496 Toga,
1406 3422 1570 3498 quae
1621 3400 1981 3479 deffertur
2032 3399 2236 3479 domi
2279 3398 2563 3501 (vulgo
2614 3402 2687 3480 la
2739 3395 3214 3503 pelanda)fit
3259 3419 3360 3512 ex
3385 3398 3575 3474 Pan·

876 3545 934 3589 „
983 3518 1085 3572 no
1146 3548 1174 3589 ‚
1246 3518 1376 3575 aut
1450 3522 1543 3576 ex
1592 3499 1750 3594 lilla
1826 3522 2124 3579 textura
2180 3554 2209 3596 ‚
2278 3526 2443 3601 quae
2515 3499 2796 3581 dicitur
2871 3501 3104 3600 vulgo
3179 3498 3324 3596 faya
3379 3549 3406 3593 ,
3481 3515 3580 3574 ex

874 3646 932 3690 „
982 3593 1211 3672 ovina
1265 3598 1434 3676 lana
1506 3599 1780 3680 infesta
1832 3624 1926 3679 ex
1979 3603 2236 3680 colore
2308 3626 2600 3701 cyaneo
2673 3602 2700 3700 (
2753 3603 2989 3700 vulgo
3038 3595 3344 3694 azuro)
3392 3619 3580 3709 cum

874 3746 932 3790 aa
986 3694 1307 3776 manicis
1357 3699 1531 3779 latis
1581 3700 1847 3779 saltem
1928 3725 2180 3778 more·
2215 3700 2589 3800 majorum
2661 3727 2838 3781 cum
2890 3701 3193 3778 ‘collare
3269 3699 3578 3811 decenn

876 3845 935 3890 2,
984 3818 1070 3872 ac
1124 3800 1696 3899 proportionato
1747 3800 1954 3881 collo
2005 3800 2335 3897 cujusvis
2388 3802 2783 3883 deferentis
2855 3803 3134 3902 absque
3188 3798 3497 3879 nodults
3548 3849 3577 3893 ,

875 3944 934 3992 „
985 3919 1229 4073 neglue
1281 3899 1484 3996 fixa,
1538 3920 1762 3996 ante,
1814 3901 1936 3979 sed
1986 3901 2146 3980 inte
2202 3924 2321 3979 ra.
3041 3954 3046 3959 ·

979 4048 1036 4091 ‚‚
1167 3998 1479 4079 abarum
1532 3997 1620 4077 fit
1670 3996 1879 4099 juxta
1932 4000 2136 4079 hone
2201 4027 2322 4081 am
2375 4000 2694 4084 formam
2737 4055 2764 4098 ‚
2832 4002 2907 4080 8:
2957 4000 3584 4112 antiquam-con-

880 4147 939 4192 „
982 4099 1449 4198 gregationis
1488 4151 1515 4195 ,
1585 4097 1661 4175 δε
1711 4100 1917 4201 quod
1988 4101 2302 4183 manicae
2357 4129 2509 4184 non
2582 4103 2937 4185 eccedant
3009 4097 3580 4214 longitudinem

876 4248 934 4294 ‚‚
989 4198 1329 4296 brachii,
1380 4198 1456 4276 δε
1507 4222 1776 4278 manus
1826 4203 2198 4301 quadrat'ae
2250 4230 2430 4285 cum
2483 4205 2738 4285 colore
2767 4202 3344 4305 Proportionato
3395 4220 3581 4277 vttae

875 4350 933 4394 ‚‚
984 4297 1059 4376 &t
1110 4298 1316 4376 collo
1368 4297 1818 4397 deferentis,
1865 4305 2070 4401 quod
2121 4303 2208 4383 fit
2259 4328 2354 4383 ex
2380 4308 2688 4397 Parme,
2743 4316 2874 4383 ‘aut
2925 4326 3019 4382 ex
3070 4304 3204 4382 ina
3228 4321 3582 4395 textura,

880 4449 951 4525 ,,ἱ
987 4422 1150 4500 quae
1194 4396 1483 4483 dicitur
1539 4398 1752 4501 Saia,
1802 4424 1900 4481 ex
1952 4404 2190 4488 ovina
2232 4406 2413 4489 lana
2461 4401 2827 4486 infectum
2851 4405 3218 4488 excolere
3237 4422 3584 4580 cyffarieo.

3227 4553 3282 4598 π
3445 4547 3472 4561 -
