3884 5342
1001 402 1104 460 10
1324 362 2976 454 ’ΒΕΜοΝΑςτειιο

877 528 995 607 vis
1048 546 1301 604 autem
1347 522 1765 601 Sacerdotis
1788 519 2110 599 Astenfis
2152 519 2234 598 in
2258 521 2472 599 causa
2525 521 2820 622 propria
2863 521 3381 603 testimonium
3405 530 3568 627 perss

877 628 1215 708 bibentis
1271 623 1524 701 minus
1574 622 1793 700 firma
1844 622 2025 699 fides
2077 623 2216 700 esse
2273 623 2615 699 videatur
2647 676 2674 719 ,
2748 622 2823 700 id
2878 643 3131 702 tamen
3184 627 3575 707 fatendum

870 732 1138 810 censeo
1191 780 1218 820 ,
1310 724 1509 799 haud
1585 724 1994 822 spernenda
2067 722 2206 801 esse
2261 720 2738 800 ⁴documenta
2812 778 2839 818 ,
2933 725 3208 825 quibus
3279 726 3571 805 suffulti

872 827 1217 911 Astenses
1267 825 1571 921 Corpus
1628 824 1835 901 Divi·
1879 824 2208 903 Secundi
2266 823 2635 925 Martyris
2687 821 2932 902 adhuc
2985 826 3182 924 apud
3234 828 3306 905 se
3362 829 3571 926 quie·

880 933 1079 1013 scere
1134 926 1611 1003 contendunt
1654 983 1672 1002 .
1747 924 2127 1021 Majorem
2204 925 2508 1003 veritati
2561 927 2814 1003 lucem
2885 926 3148 1002 afferre
3201 950 3294 1002 ex
3349 932 3571 1005 docu-

875 1048 1313 1109 mentorum
1387 1025 1648 1128 inopia
1720 1027 2217 1128 prohibemur
2267 1082 2294 1122 ,
2368 1025 2514 1106 hoc
2570 1052 2805 1104 unum
2863 1027 3150 1105 constat
3206 1028 3393 1103 Divi
3451 1030 3570 1105 Se-

872 1129 1101 1208 cundi
1157 1129 1459 1229 Corpus
1514 1127 1711 1227 (five
1765 1127 1898 1206 ille
1955 1129 2366 1244 Episcopus
2417 1126 2643 1204 fuerit
2679 1184 2708 1222 ,
2786 1127 2936 1204 five
2995 1152 3072 1207 ut
3127 1130 3568 1228 perhibetur

877 1232 1184 1330 Martyr
1235 1227 1263 1323 )
1344 1229 1700 1308 Venetias
1773 1231 2090 1307 allatum
2147 1229 2395 1324 suifl'e,
2433 1230 2540 1311 ,ἃ
2616 1228 2696 1304 in
2751 1228 3038 1304 vetusta
3111 1229 3298 1305 olim
3357 1231 3568 1306 Divo

873 1333 1189 1411 Erasmo
1212 1330 1458 1408 dicata
1482 1329 1810 1409 Ecclesia
1852 1331 2365 1425 collocatum,
2418 1332 2625 1428 cujus
2667 1330 2971 1428 quidem
2998 1328 3367 1429 Corporis
3415 1338 3569 1407 lan-

875 1431 1219 1511 &itatem
1277 1430 1623 1529 plurimis
1678 1433 1891 1509 Deus
1949 1431 2193 1508 voluit
2249 1430 2584 1507 testatam
2642 1433 2778 1506 esse
2835 1431 3267 1506 miraculis.
3325 1431 3572 1506 Vene-

871 1533 1015 1610 tias
1070 1531 1321 1631 itaque
1374 1528 1705 1609 adduss‘tae
1757 1530 1948 1609 Divi
2004 1533 2329 1610 Secundi
2373 1530 2714 1626 exuviae,
2765 1557 2942 1625 cum
2998 1533 3087 1606 ad
3133 1531 3322 1607 Divi
3367 1529 3573 1606 Eras-

871 1633 984 1712 mi
1039 1633 1359 1711 insulam
1416 1632 1837 1731 prodigiose
1890 1632 2701 1724 constitiss'entnautae,
2753 1632 3149 1732 pretiosam
3207 1630 3569 1708 sarcinam

874 1735 1083 1812 secus
1136 1731 1301 1810 sicci
1350 1732 1557 1831 putei
1601 1733 1956 1831 spondam
1984 1731 2534 1830 deposuerunt,
2587 1731 2714 1831 qui
2763 1729 3397 1826 exuberantibus,
3451 1731 3573 1809 iis-

876 1858 1026 1934 que
1080 1833 1521 1911 dulcissimis
1573 1831 1783 1932 aquis
1834 1834 2213 1932 repletuS,
2265 1834 2637 1911 salubrem
2694 1833 3284 1926 abundantiam,
3337 1855 3569 1932 quam

874 1957 972 2012 ex
1025 1932 1208 2011 sacri
1250 1931 1584 2033 pignoris
1626 1934 1976 2012 contaetu
2019 1934 2349 2033 recepit,
2401 1936 2616 2012 nullo
2672 1960 2998 2034 unquam
3057 1956 3395 2033 ternpore
3443 1957 3569 2031 po-

877 2033 1029 2113 stea
1081 2033 1403 2111 dimisit.
1459 2035 1644 2112 Haec
1698 2035 2068 2112 Codalius
2112 2090 2139 2130 ,
2209 2035 2419 2132 cujus
2455 2061 2769 2136 ,quoque
2826 2035 3259 2111 testimonio
3314 2034 3570 2111 edoce·

874 2159 1099 2229 mur,
1150 2135 1515 2212 Nobilem
1549 2133 1929 2212 Astensem
1991 2135 2148 2235 post
2190 2139 2574 2235 vulgatam
2632 2134 2882 2213 Sancffi
2934 2134 3301 2233 Corporis
3341 2156 3571 2211 trans·

870 2235 1240 2313 lationem
1271 2235 1629 2315 Venetias
1650 2235 2054 2330 acceffiss'e,
2108 2236 2239 2314 ubi
2265 2238 2372 2315 rei
2420 2238 2734 2315 veritate
2759 2242 3188 2336 comperta,
3247 2236 3426 2310 dum
3474 2232 3569 2311 ad

879 2334 1076 2413 Divi
1130 2336 1632 2436 Sepulchrum
1688 2337 2102 2415 ferventius
2153 2359 2362 2433 orat,
2414 2362 2700 2439 arrepta
2744 2335 3306 2439 opportunitate
3363 2334 3568 2435 pedis

876 2434 1203 2533 digitum
1231 2437 1479 2514 cultro
1503 2438 1864 2533 abscidit,
1919 2459 2002 2515 ut
2057 2439 2206 2517 suis
2249 2438 2593 2534 civibus,
2645 2466 2738 2517 eo
2781 2464 2933 2539 quo
2959 2458 3252 2537 poterat
3293 2435 3571 2529 mod0,

878 2536 1111 2613 ablati
1170 2536 1497 2615 thesauri
1552 2541 1890 2618 dolorem
1951 2561 2442 2641 temperaret.
2499 2541 2654 2620 Ubi
2709 2566 2890 2618 vero
2943 2538 3036 2614 in·
3079 2536 3396 2636 patriam
3449 2536 3570 2612 ad⁴

874 2637 1137 2733 venit,
1184 2639 1336 2715 sese
1361 2640 1563 2718 sacro
1586 2641 1826 2741 digito
1870 2641 2267 2739 spoliatum
2296 2641 2719 2742 ingemuit,
2762 2664 2987 2739 quare
3042 2638 3375 2715 reversus
3423 2636 3572 2712 Ve-

876 2737 1174 2833 netias,
1226 2741 1406 2818 dum
1433 2743 1742 2819 Sacrum
1768 2744 2075 2843 Corpus
2128 2743 2491 2829 attentius
2545 2741 2976 2843 perlustrat,
3017 2736 3344 2835 digitum
3390 2734 3572 2834 aspi·

876 2838 989 2916 cit
1044 2839 1241 2917 miro
1295 2843 1589 2939 prorsus
1636 2843 1872 2919 modo
1925 2843 2223 2944 corpori
2277 2846 2820 2922 adhaerentem.
2878 2839 3059 2917 Haec
3104 2835 3522 2916 Codalius.

974 2939 1431 3020 Mirabilem
1496 2942 1699 3022 hunc
1745 2943 2071 3041 digitum
2114 2943 2739 3023 Sanfflmoniales
2791 2941 2885 3019 ab
2928 2939 3182 3018 Insula
3226 2937 3572 3016 receden-

872 3057 987 3115 tes
1040 3041 1129 3115 ad
1187 3043 1375 3116 Divi
1432 3043 1732 3120 Cosmae
1762 3040 2312 3124 Monasterium'
2361 3045 2446 3120 in
2497 3038 2848 3141 Judaica,
2901 3040 3033 3117 ubi
3079 3039 3227 3116 sese
3282 3059 3567 3136 recepe·

871 3158 1043 3214 rant
1116 3139 1555 3220 detulerunt
1610 3170 1635 3237 3
1706 3145 1900 3223 alius
1973 3172 2272 3247 quoque
2341 3142 2626 3241 digitus
2695 3143 2790 3218 ad
2863 3138 3368 3225 Salodiensem
3426 3138 3568 3215 Ec-

826 3237 1171 3318 clesiam
1231 3241 1497 3341 ignoto
1574 3246 1801 3322 modo
1853 3247 2224 3338 devenit3
2295 3243 2524 3322 Costa
2599 3243 2828 3320 etiam
2907 3244 3212 3319 Veneto
3286 3238 3568 3318 Senatu

869 3341 1344 3419 concedente
1398 3345 1487 3421 ad
1542 3346 1984 3448 Philippum
2043 3350 2139 3425 ΙΙ.
2217 3343 2752 3443 Hispaniarum
2811 3346 3103 3444 Regem
3159 3367 3287 3443 per
3341 3339 3568 3417 Dida-

870 3463 1051 3518 cum
1106 3444 1578 3523 Gusmanum
1653 3448 1809 3545 ejus
1882 3448 2078 3547 apud
2135 3448 2470 3524 Venetos
2523 3447 2890 3555 Legatum
2941 3458 3144 3523 anno
3200 3443 3568 3521 MDLxxt.

868 3543 1283 3623 transmissa
1339 3545 1523 3625 fuit.
3165 3640 3172 3647 ,

970 3634 1166 3722 Divi
1202 3647 1545 3726 Secundi
1596 3649 1902 3749 Corpus
1950 3666 2064 3725 ter
2107 3645 2186 3726 in
2213 3648 2510 3727 Veneta
2554 3645 2883 3727 Ecclesia
2909 3648 3355 3727 translatum
3400 3639 3571 3719 fuis-

869 3741 994 3838 se,
1049 3744 2239 3847 ficonjecturis-indulgerelicet,
2284 3748 2685 3827 dicendum
2713 3748 2862 3842 est,
2915 3749 3274 3850 siquidem
3322 3743 3570 3819 adhuc

868 3843 1134 3924 visitur
1186 3847 1265 3927 in
1325 3850 1773 3929 Monasterii
1819 3847 2188 3948 Capitulo
2233 3848 2573 3948 ligneum
2623 3850 2828 3927 sarco
2885 3847 3208 3949 hagum,
3316 3869 3412 3919 uo
3469 3841 3571 3918 sa·

866 3970 994 4025 cra
1049 3947 1328 4049 lipsana
1352 3953 1919 4042 condebantur,
1969 3948 2302 4048 eleganti
2355 3970 2678 4045 ornatu,
2735 3949 2808 4050 pi
2887 3951 3093 4047 isque
3117 3948 3262 4023 San
3343 3964 3567 4020 orum

866 4043 1332 4149 imaginibus
1386 4050 1753 4145 interius,
1806 4047 2284 4147 exteriusque
2335 4048 2824 4146 decoratum,
2891 4073 3076 4148 quas
3127 4046 3331 4122 inter
3383 4066 3564 4122 cum

822 4208 827 4217 .
862 4146 1117 4229 Divus
1169 4153 1558 4232 Antonius
1610 4148 2012 4227 Patavinus
2034 4148 2288 4245 ex'tet,
2319 4172 2550 4230 ,certo
2592 4148 3034 4252 deducimus
3077 4144 3237 4246 post
3276 4168 3564 4222 annum

768 4324 776 4330 .
859 4246 1267 4333 Mccxxm
1294 4283 1350 4329 1.
1404 4248 1914 4330 construetum
1969 4246 2245 4344 fuiffe,
2317 4275 2469 4351 quo
2543 4276 2745 4328 anno
2825 4249 3066 4348 ipsum
3145 4243 3563 4346 Gregorius

859 4355 1131 4439 Nonus
1182 4351 1630 4432 Sanfinrum
1683 4348 1879 4428 fastis
1926 4350 2344 4454 adscripsit.
2393 4352 2515 4429 Ex
2563 4378 2659 4432 eo
2712 4349 3171 4451 sarcophago
3220 4343 3563 4523 ignegtlli-ud
