3884 5342
906 354 981 435 S.
1044 352 1406 433 Rom-tt
1491 330 2298 445 Conpressoms.
2691 375 2867 461 3¹5

317 504 652 591 cellenfis
703 502 1093 585 Coenobio
1147 501 1224 577 in
1281 498 1639 579 Titulum
1694 499 2135 581 Sanctorum
2188 497 2444 582 Rochi
2497 500 2573 583 δε
2627 501 2996 604 Margari-

316 632 405 689 tae
459 603 878 709 pertransiit
918 659 945 700 ‚
1008 599 1361 706 quamvis
1433 600 1642 679 enim
1695 601 1888 680 Divi
1947 601 2197 681 Rochi
2251 602 2598 684 sodalitas
2664 629 2762 685 ex
2813 605 2994 688 loco

312 732 488 790 ante
558 704 1005 789 Monasterii
1077 700 1712 785 constructionem
1788 702 2173 783 recessiffet
2214 756 2242 800 ‚
2314 703 2662 804 religiosa
2734 728 2996 789 tamen

314 809 868 901 Decemvirum
922 808 1088 907 lege
1143 804 1263 885 die
1287 826 1518 885 xxm.
1570 804 2035 904 Septembris
2085 829 2289 885 anno
2312 803 2597 883 Mxvn.
2654 807 2804 888 lata
2827 833 2997 889 cau-

315 935 482 991 tum
537 910 775 991 fuerat
818 942 876 1004 ‚a
916 934 1006 988 ne
1061 909 1274 988 locus
1327 907 1477 1007 ipse
1520 960 1547 1003 ,
1621 924 1815 984 neve
1868 906 2292 1005 adjacentes
2344 906 2536 986 aedes
2587 908 2616 1007 (
2664 909 2760 986 ad
2811 934 2999 1010 quas

312 1012 701 1093 nonnullae
772 1010 1272 1090 meretriculae
1322 1006 1470 1088 sese
1524 1028 1958 1107 receperant
2010 1004 2042 1105 )
2113 1006 2195 1085 in
2246 1008 2559 1107 lupanar
2609 1030 3002 1090 converte-

311 1135 578 1195 rentur
617 1172 637 1191 .
712 1114 831 1191 Eo
885 1113 1144 1210 itaque
1196 1109 1277 1188 in
1335 1110 1509 1189 loco
1560 1109 1740 1187 dum
1795 1107 2242 1210 Collegium
2303 1108 2516 1187 Divo
2568 1108 2848 1191 Rocho
2895 1110 3005 1190 di·

314 1236 575 1295 catum
633 1215 879 1293 sedem
936 1212 1292 1309 haberet,
1346 1208 1766 1292 venerabili
1809 1207 2480 1293 DiviProteecoris
2530 1234 2845 1312 corpore
2900 1209 3005 1312 (st

314 1316 702 1395 Sabellico
723 1369 750 1412 ‚
800 1312 930 1415 qui
985 1311 1185 1393 circa
1204 1337 1293 1393 ea
1318 1333 1656 1415 tempora
1676 1336 1865 1413 opus
1889 1314 2107 1392 suum
2128 1311 2622 1394 concinnavit
2643 1313 3009 1392 adhiben-

310 1417 406 1496 da
431 1415 517 1495 fit
544 1415 724 1495 fides
745 1413 773 1512 )
797 1412 1123 1516 potitum
1147 1412 1293 1495 fuit
1308 1469 1339 1510 .‚
1386 1414 1593 1515 quod
1613 1439 1710 1493 ex
1729 1414 2148 1515 Viguerico
2175 1411 2766 1494 Mediolanenfis
2788 1413 3010 1493 ditio·

316 1519 467 1597 nis.
495 1517 774 1633 oppido
824 1537 1167 1595 recenter
1218 1515 1555 1597 delatum
1598 1542 1742 1619 per
1792 1516 2102 1617 aliquod
2125 1514 2488 1616 temporis
2510 1513 3011 1596 intervallum

316 1617 400 1697 in
461 1619 653 1696 D1vi
707 1610 1146 1697 Geminiani
1186 1612 1531 1703 ‚Ecclefia
1566 1672 1598 1719 ‚
1670 1615 1852 1698 teste
1903 1616 2173 1697 eodem
2225 1614 2607 1697 Sabellico
2657 1617 3011 1719 religiose

315 1718 765 1798 asservatum
824 1716 966 1797 fuit
1021 1746 1041 1797 ε
1095 1716 1253 1797 Ubi
1306 1722 1564 1799 autem
1618 1742 1791 1837 egre
1849 1716 1965 1816 ius
2018 1718 2140 1797 vir
2189 1717 2434 1797 asserit
2489 1716 2682 1799 Divi
2736 1744 2865 1798 cor
2939 1743 3007 1819 „s

311 1847 408 1898 ex
457 1814 719 1900 Gallia
767 1818 976 1899 fuiss'e
1030 1817 1417 1917 delatum,
1467 1820 1561 1901 de
1613 1820 1792 1902 Cisa
1824 1818 2006 1922 pina
2059 1818 2313 1900 Gallia
2367 1818 2634 1899 Italice
2657 1825 2838 1898 Lom
2892 1846 3007 1896 ar-

305 1917 445 2001 dia
496 1922 760 2023 utique
816 1920 1063 2000 intelli
1118 1920 1356 2003 endus
1406 1920 1510 2000 est
1548 1977 1578 2020 ,
1646 1921 1731 2004 in
1782 1921 1995 2019 cujus
2045 1918 2328 2003 finibus
2379 1920 2666 2001 constat
2720 1921 3009 2023 Vigue-

307 2023 561 2202 rigum
616 2021 1003 2125 Oppidum
1086 2045 1277 2103 itum
1331 2020 1645 2104 existere
1687 2080 1707 2102 .
1764 2020 2326 2105 Translationis
2379 2021 2767 2103 historiam
2820 2045 3008 2103 mox

314 2147 361 2201 a
427 2148 764 2203 eremus.

410 2224 584 2305 Nec
640 2247 894 2325 tamen
948 2251 1043 2306 eo
1092 2225 1176 2304 in
1229 2226 1406 2306 loco
1458 2222 1745 2305 diutius
1818 2220 2217 2305 confistere
2291 2247 2386 2305 ex
2439 2221 2716 2303 aediurn
2770 2249 2862 2319 an
2922 2248 3001 2300 u·

312 2322 449 2439 {fria
488 2327 763 2439 ‚datum
818 2325 962 2404 fuit
1004 2380 1031 2423 ,
1101 2346 1553 2429 quapropter
1604 2324 1863 2405 devoti
1918 2324 2068 2404 viri
2123 2326 2216 2406 de
2266 2325 2621 2427 ampliori
2672 2247 3005 2438 fini-fol-

308 2425 513 2505 licitt
564 2424 1003 2509 facultatem
1046 2427 1635 2508 aDeccmvirali
1687 2426 2039 2509 Conlilio
2090 2427 2214 2507 die
2268 2448 2478 2507 xxxt.
2534 2424 3003 2528 Augustian-

312 2549 417 2604 Ἷο
469 2525 752 2607 Mxxn.
807 2527 1359 2643 impetrarunt,
1412 2549 1497 2611 ut
1551 2526 1687 2611 fibi
1740 2531 1938 2632 apud
1995 2530 2341 2608 Fratrum
2370 2528 2780 2608 Minorum
2801 2527 2996 2605 aedes

314 2627 710 2708 transferre
765 2627 833 2708 se
888 2631 1152 2709 liceret
1195 2684 1222 2727 ,
1272 2629 1495 2732 eique
1549 2631 1920 2710 Sodalitio
1973 2631 2046 2708 se
2097 2627 2320 2727 adjun
2377 2653 2502 2708 ere
2543 2684 2572 2725 ‚
2620 2628 2827 2732 quod
2880 2652 3005 2707 eo-

303 2725 492 2803 dem
545 2728 631 2805 in
651 2730 824 2806 loco
876 2730 1204 2828 antiquis
1255 2728 1728 2829 temporibus
1777 2728 2277 2810 constitutum
2364 2749 2624 2825 uerat,
2672 2753 2828 2829 quo
2854 2729 3005 2808 De·

302 2842 531 2902 ,treto
582 2825 1037 2911 Sodalitium
1090 2827 1669 2923 Sanfi'tiRochi‚
1724 2829 2001 2929 Magni
2057 2826 2376 2908 nomine
2427 2826 2873 2929 infignitum
2916 2827 3004 2906 il·

300 2919 449 3003 sust
471 2922 792 3006 rioribus
844 2926 1076 3006 Urbis
1122 2926 1511 3030 Collegiis
1558 2928 1589 3027 (
1641 2926 1953 3008 Scholas
2010 2928 2336 3031 Magnas
2388 2924 2737 3027 vocant.)
2790 2926 3014 3029 quin-

306 3044 394 3103 to
444 3025 632 3105 loco
686 3027 1267 3110 adnumeratum
1323 3028 1475 3110 fuir.
1522 3055 1739 3123 3.nec
1794 3030 2046 3110 multo
2098 3027 2260 3133 post
2309 3054 2516 3112 anno
2567 3054 2840 3132 nempe
2890 3029 3009 3108 in·

306 3123 661 3240 sequenti
715 3128 838 3209 die
892 3152 1052 3209 κνῐ.
1109 3131 1384 3217 Martii
1455 3129 2031 3211 constitutiones
2105 3156 2243 3232 pro
2297 3131 2599 3211 meliori
2651 3126 3008 3210 Sodalitii

307 3227 695 3343 tegimine
748 3251 1114 3328 exaratae,
1166 3232 1241 3310 8<
1294 3231 1372 3311 in
1396 3230 1739 3313 codicem
1785 3234 2022 3334 vulgo
2074 3227 2496 3331 Mari-egula
2546 3231 2853 3313 redaflae
2879 3257 3010 3313 no·

206 3348 219 3359 ³
314 3350 422 3407 vo
476 3326 807 3409 thrum
861 3330 1044 3428 jussu
1096 3332 1565 3413 confirmatae
1616 3331 1958 3415 fuerunt.

424 3428 811 3527 Quamvis
863 3450 1120 3513 autem
1174 3457 1271 3513 ex
1320 3434 1844 3515 Decemvirali
1897 3435 2067 3549 lege
2118 3433 2214 3512 ad
2233 3434 2458 3512 AEdes
2482 3434 2829 3512 Fratrum
2858 3430 3017 3513 Mi-

312 3552 599 3608 norum
625 3530 977 3611 accedere
996 3552 1431 3635 oporteret,
1485 3554 1741 3613 tamen
1799 3533 2130 3634 hospitio
2182 3532 2467 3613 ibidem
2521 3531 2654 3610 vix
2706 3534 3017 3634 incepto

316 3626 765 3744 imperfefiia
835 3656 916 3713 re
966 3634 1061 3713 ad
1113 3634 1184 3713 S.
1229 3631 1565 3714 Silvestri
1618 3631 2032 3713 Ecclefiam
2109 3634 2737 3734 transmigrarunt
2778 3688 2808 3730 ‚
2878 3631 3023 3715 ubi

311 3729 835 3811 Patrtarchale
889 3732 1079 3815 olim
1132 3734 1511 3815 Gradense
1584 3734 1960 3814 Palatium
2037 3734 2179 3814 Ma
2235 3732 2438 3814 haeus
2505 3732 2828 3814 Girardo
2891 3735 3022 3812 Pae

311 3831 655 3912 triarcha
710 3831 1208 3914 Venetiarurn
1258 3833 1433 3936 visa
1484 3833 1690 3937 prius
1742 3832 2051 3914 licentia
2084 3896 2092 3901 .
2106 3833 2174 3935 st
2225 3832 2254 3912 i
2303 3834 2627 3938 conceffa
2740 3863 2818 3916 er
2880 3833 3020 3915 Ni-

308 3923 615 4045 cqlaum
665 3939 951 4012 Franco
999 3942 1356 4032 Legatum
1412 3931 1900 4041 Apostolicum
1957 3964 2005 4015 a
2052 3930 2286 4016 latere
2324 3993 2353 4034 ‚
2420 3936 2522 4017 (9⁴
2569 3934 2661 4015 vi
2696 3964 2746 4015 a
2794 3931 3021 4017 licen-

310 4054 441 4114 tra
491 4027 963 4136 Illustriffimi
1012 4033 1777 4138 confiliideDeccm‚
1827 4064 1992 4140 quae
2015 4037 2190 4121 data
2238 4037 2478 4120 fuerat
2498 4064 2703 4120 anno
2728 4039 3015 4119 Mxvn.

304 4131 444 4215 die
497 4156 670 4246 xxy.
726 4136 928 4217 Maii
983 4193 1013 4235 ‚
1081 4134 1162 4215 in
1191 4135 1351 4237 tgm'
1406 4133 1923 4240 jurisconsulto
1995 4147 2101 4219 D.
2152 4137 2468 4221 Andreae
2536 4136 2629 4219 de
2677 4131 3020 4241 Bolzano

312 4230 759 4314 Guardmno
804 4231 1081 4319 schola
1133 4247 1207 4319 5.
1259 4236 1496 4321 Rochi
1511 4294 1540 4353 ²
1589 4239 1689 4319 δ’
1724 4240 1794 4340 s.
1824 4248 1899 4343 J
1900 4239 2116 4321 acobo
2166 4237 2257 4320 de
2304 4236 2683 4324 Datiariis
2731 4237 3021 4319 Vicat-io

299 4355 446 4435 pro
482 4333 573 4435 ſss
621 4333 721 4416 <3⁴
771 4336 1101 4427 omnibus
1172 4337 1657 4447 confiatrabus
1724 4338 2271 4523 accepiamibus
2324 4343 2501 4444 jure
2565 4332 2862 4521 livellib
2875 4338 3011 4453 fin

2034 4468 2072 4524 r
2175 4473 2220 4521 2
2639 4461 2809 4541 emp
2860 4469 2920 4519 r-
