3884 5342
1064 435 1229 516 218
1594 422 1785 503 DE
1909 407 2983 498 MoNAs‘rt-ini‘o

939 608 1063 667 tur
1118 578 1441 659 vestibus
1483 627 1508 666 .,
1582 569 1704 648 sed
1755 564 2046 647 resartis
2098 565 2630 646 tantummodo
2670 618 2697 661 ‚
2748 564 2844 643 ab
2874 555 3213 666 'aliisque
3267 557 3617 660 abjectis.

937 690 1067 769 Ab
1115 678 1333 766 omni
1386 677 1671 771 semper
1721 665 2127 748 abhorruitw
2170 665 2536 768 pecunia,
2580 665 2919 744 maxime
2974 687 3015 741 a
3056 661 3487 766 Religionis
3506 663 3619 741 in·

939 786 1229 889 gressu,
1280 779 1465 856 adeo
1519 794 1602 851 ut
1656 794 1932 871 paucos
1984 766 2215 846 etiam
2270 793 2624 847 nummos
2676 769 2769 846 ad
2822 766 2975 866 ejus
3019 765 3234 842 usum
3278 761 3621 858 oblatos,

945 906 1081 966 aut
1135 879 1486 959 manibus
1542 871 1901 966 tranare,
1953 888 2083 947 aut
2138 889 2492 969 tangere,
2541 866 2729 968 quin
2784 891 2923 947 nec
2988 866 3245 945 videre
3291 887 3621 965 unquam

944 981 1326 1074 voluerit,
1377 999 1522 1077 qua
1573 973 1665 1052 de
1719 997 1797 1050 re
1849 993 2129 1052 eorum.
2173 970 2408 1070 pretia
2448 968 2750 1071 penitus
2792 968 3228 1068 ignorabat.
3280 966 3619 1045 Eleemo-

943 1088 1163 1186 synas
1213 1104 1393 1180 quas
1445 1073 1557 1154 sui
1612 1070 1906 1150 studiofi
1959 1072 2048 1148 ad
2101 1071 2555 1150 Conventus
2612 1067 3015 1148 subsidium
3071 1066 3562 1147 conferebant
3600 1118 3627 1159 ‚

944 1186 997 1267 fi
1054 1205 1266 1283 aequo
1318 1175 1676 1277 largiores
1750 1171 2202 1250 videbantur
2237 1226 2264 1266 ‚
2337 1171 2780 1271 plerum'ue
2834 1170 3216 1264 recusabat
3267 1223 3293 1264 ,
3342 1175 3625 1265 ‘utpote

947 1286 1082 1388 qui
1138 1275 1589 1384 paupertatis
1643 1271 2018 1366 effectus,
2070 1273 2196 1349 seu
2252 1270 2499 1371 potius
2551 1272 2640 1350 de
2674 1270 2879 1349 ectus
2932 1271 3195 1350 mallet
3250 1263 3626 1370 experiri.

1047 1388 1344 1464 Omnes
1394 1379 1550 1477 spes
1602 1375 1765 1454 suas
1817 1372 1897 1452 in
1923 1372 2214 1450 Divina
2240 1372 2724 1452 Providentia
2778 1371 3124 1476 repofitas
3179 1370 3331 1450 sem
3390 1394 3472 1445 er
3517 1365 3631 1443 ha·

951 1485 1169 1579 buit,
1200 1480 1344 1568 ,cui
1397 1472 1756 1557 innititur
1812 1472 2324 1573 perfeffiffima
2368 1494 2801 1575 paupertas,
2850 1473 3093 1575 qualis
3115 1469 3314 1550 Chri
3384 1470 3408 1546 i
3452 1468 3634 1547 &A-

926 1663 934 1668 .
1057 1584 1412 1664 stolorum
1473 1576 1613 1656 fu-it
1651 1631 1680 1673 ,
1749 1574 1976 1675 idque
2029 1575 2389 1655 omnibus
2442 1574 2874 1654 inculcabat
2950 1573 3395 1653 eorumdem
3454 1572 3636 1667 Apo-

1015 1687 1317 1774 olorum
1371 1673 2129 1791 firmans-exemplo,
2181 1675 2507 1775 quibus,
2553 1701 2732 1756 cum
2776 1701 3069 1755 annuos
3111 1672 3449 1762 redditus
3502 1691 3641 1746 non

959 1789 1324 1866 haberent
1348 1836 1374 1877 ,
1427 1806 1565 1859 nec
1590 1776 1916 1856 ostiatlm
1941 1778 2501 1856 emendicarent
2524 1832 2549 1871 .,
2604 1776 2897 1856 Divina
2921 1797 3216 1854 tantum
3250 1771 3460 1851 fretis
3488 1773 3637 1849 Pro-

957 1885 1343 1977 videntia,
1394 1882 1483 1957 ad
1539 1875 1828 1956 victum
1884 1877 2277 1989 neceffaria
2329 1903 2711 1978 nunquam
2767 1876 3134 1974 defuere,
3188 1874 3506 1964 testante
3548 1868 3640 1969 ip-

955 1987 1035 2068 so
1071 1983 1475 2084 -Largitore
1530 1975 1840 2058 Christo
1896 1978 2246 2058 Domtno
2287 2029 2319 2074 ‚
2362 1980 2499 2078 qui
2551 1979 2696 2056 suis
2747 2003 2914 2058 earn
2973 1979 3090 2057 his
3142 1975 3398 2055 verbis
3450 1991 3640 2064 com·

957 2085 1389 2176 mondavit.
1429 2073 1693 2192 ‘Nolite
1730 2070 2045 2178 solliciti
2093 2080 2232 2179 effe
2282 2074 2602 2156 dicentes
2654 2108 2685 2157 .·
2737 2076 2916 2178 quid
2965 2073 3635 2182 manducabimus,

959 2210 1108 2272 aut·
1138 2182 1318 2285 quid
1367 2179 1737 2275 labemus,
1790 2199 1921 2290 auf
1971 2206 2108 2278 quo
2160 2176 2622 2276 operiemur?
2668 2178 2833 2258 Scit
2867 2191 3094 2260 Pater
3140 2181 3432 2281 vester,
3482 2171 3638 2276 quui

954 2287 1166 2372 vobis
1217 2311 1390 2362 nece
1445 2309 1487 2360 e
1522 2279 1627 2383 fit
1661 2337 1686 2356 .
1750 2289 2095 2391 ,Pramum
2144 2277 2443 2378 quaerite
2492 2308 2796 2378 regnum
2849 2279 3002 2366 Dei
3038 2335 3067 2378 ‚
3104 2283 3241 2368 ,δ’
3277 2274 3639 2466 suffitiant

969 2388 1112 2483 ejus
1139 2441 1166 2482 ‚
1213 2385 1311 2464 Θ*
1415 2409 1513 2461 aec
1564 2401 1816 2458 omma
1861 2377 2316 2476 adjicientur
2366 2380 2619 2459 vobis-2.
2676 2381 2777 2461 Et
2830 2377 3016 2462 alibi
3061 2412 3078 2461 :
3130 2390 3355 2483 Quan
3408 2408 3446 2456 o
3495 2370 3641 2474 mist

971 2516 1089 2567 vos
1127 2486 1289 2587 fine
1325 2476 1670 2584 snauh,
1720 2478 1820 2562 δ’
1858 2503 2092 2578 pera,
2140 2479 2241 2560 <9⁴
2283 2476 2801 2560 calceamentis
2841 2480 3178 2583 nunquid
3212 2483 3308 2564 ali
3370 2471 3495 2557 'uid
3538 2478 3647 2554 'de-

962 2589 1105 2672 fuit
1157 2585 1427 2666 vobis?
1480 2584 1608 2663 Illi
1665 2607 1848 2661 vero
1902 2582 2200 2681 roganti
2227 2582 2573 2662 Domino
2627 2583 2824 2662 nihil
2880 2571 3293 2685 respondet*
3380 2600 3451 2659 t:
3510 2575 3649 2656 Sed

963 2715 1096 2778 sur
1149 2686 1258 2766 ita
1309 2693 1333 2766 ἓ
1406 2685 1642 2787 Quod
1696 2684 1777 2761 in
1832 2683 2127 2766 Divina
2178 2685 2675 2784 Providentia
2724 2686 2882 2785 spes
2937 2685 3098 2766 suas
3146 2685 3643 2766 collocaram.

1062 2788 1313 2888 Hujus
1365 2812 1546 2889 ergo
1599 2784 1912 2868 Divinae
1968 2783 2470 2866 Providentia:
2592 2786 3051 2866 atrociniurn
3108 2788 3289 2887 saepe
3346 2801 3645 2864 numero

839 2959 844 2964 .
963 2912 1322 2992 expertus
1373 2887 1477 2970 est
1541 2942 1568 2981 ‚
1640 2912 1797 2968 non
1849 2883 2054 2966 enim
2132 2885 2515 2966 semel‘re
2569 2885 2736 2967 ae’to
2808 2885 3393 2967 inneceffitatis
3444 2875 3691 2981 angu·'

873 3071 882 3078 .
966 2990 1136 3074 stias
1193 2987 1662 3078 Monasterio
1703 3039 1731 3081 ‚
1785 2988 1992 3085 larga
2045 3012 2325 3084 manu,
2376 3013 2515 3068 nec
2569 2987 2723 3069 fine
2778 2988 3151 3069 miraculo
3203 2986 3359 3067 Dei
3415 2978 3645 3064 Provi-

966 3093 1220 3184 dentia
1275 3088 1531 3192 praesto
1583 3087 1769 3165 fuit.
1824 3087 1944 3165 Ex
2049 3090 2494 3189 quoannes
2546 3088 3082 3170 vehementius
3136 3089 3228 3166 ad
3285 3085 3648 3183 hujusmo-

967 3193 1046 3270 di
1103 3188 1554 3305 paupertatis
1609 3185 1934 3265 studium
2027 3214 2161 3267 uos
2212 3189 2617 3270 incendere
2668 3190 3095 3292 Religiosos
3148 3186 3591 3292 procurabat
3626 3233 3650 3277 ‚

968 3289 1396 3404 utscihcet
1435 3286 2156 3390 nihilpoffiderent‚
2204 3290 2920 3390 emendicarentve,
2969 3312 3327 3393 certoque
3350 3287 3650 3376 scirent,

969 3391 1108 3474 fib1
1159 3416 1203 3469 a
1257 3392 1431 3469 Deo
1484 3387 2106 3490 suppeditandum
2177 3392 2354 3490 quic
2411 3392 2542 3471 uid
2593 3393 3054 3478 Conventus
3093 3383 3493 3480 'neceffitas
3543 3410 3650 3487 po·

969 3492 1330 3584 stulaffet.
1384 3490 1507 3569 Ad
1552 3488 2001 3574 Monasterii
2050 3489 2355 3571 constru
2438 3493 2692 3573 ionem
2748 3489 3148 3575 deficiente
3171 3492 3493 3595 pecunia
3516 3508 3652 3605 per·

967 3595 1155 3695 saepe
1206 3592 1485 3694 Joanni
1536 3592 2037 3691 eleemosynae
2109 3592 2625 3673 mittebantur
2687 3593 3007 3675 occultae
3061 3596 3301 3676 inscio
3353 3595 3654 3692 largien-

966 3718 1095 3792 te,
1143 3694 1593 3796 quandoque
1651 3717 1833 3772 vero
1885 3695 1981 3772 ab
2034 3694 2351 3794 Angelis
2405 3696 2905 3798 portabantur
2946 3754 2966 3774 .
3023 3699 3209 3794 Non
3262 3719 3435 3776 raro
3485 3688 3659 3770 acci-

967 3797 1133 3889 dit,
1184 3815 1270 3873 ut
1324 3795 1717 3896 pransurus
1773 3817 1922 3871 una
1974 3817 2151 3872 cum
2207 3795 2358 3874 suis
2392 3795 2844 3878 'refectionis
2892 3797 3213 3877 domum
3272 3792 3667 3897 ingressus,

968 3895 1173 4010 nihjl
1227 3917 1491 3996 praeter
1543 3894 1755 3994 panis
1807 3892 2275 4004 fragmenta,
2325 3921 2491 3995 quae
2547 3899 2801 3999 paucis
2852 3900 2987 3986 vix
3032 3898 3513 3998 sufficerent3
3564 3914 3668 3969 re·

971 4017 1250 4099 pertret
1294 4024 1311 4074 ι
1367 4018 1442 4076 at
1498 3997 1673 4075 Deo
1725 3994 2136 4076 admodum
2186 3996 2517 4077 confisus
2554 4053 2584 4095 ‚
2636 4002 3001 4102 laetusque
3041 4057 3067 4098 ,
3119 4000 3325 4102 quod
3376 3997 3468 4075 ad
3516 4011 3668 4071 tam

971 4096 1254 4182 aretam
1310 4113 1830 4198 paupertatem
1869 4094 2293 4182 ,deveniffet
2335 4153 2365 4194 .‚
2435 4099 2608 4181 suos
2663 4103 3111 4181 hortabatur
3147 4156 3174 4200 ‚
3228 4121 3316 4179 ut
3371 4094 3675 4176 Divina

977 4198 1446 4286 adhaererent
1521 4194 1977 4293 voluntati,
2046 4195 2132 4278 in
2204 4197 2567 4303 illiusque
2624 4202 3113 4302 Providentia
3189 4204 3348 4303 spes
3421 4217 3676 4277 omnes

971 4301 1138 4380 suas
1190 4298 1358 4378 fitas
1411 4296 2088 4411 haberent.·Cum
2143 4326 2325 4381 vero
2378 4301 2670 4402 perafia
2725 4303 3305 4398 benedictione,
3361 4322 3446 4380 ut
3504 4315 3680 4375 mox

973 4400 1083 4488 est
1121 4453 1149 4499 ,
1197 4421 1466 4480 omnes
1517 4396 2052 4500 discubutss'ent
2089 4456 2119 4497 ‚
2171 4404 2265 4483 ad
2315 4399 2688 4484 Coenobii
2738 4404 3014 4486 ostium
3064 4401 3684 4580 tintinnabullum

2831 4558 2839 4566 .
3280 4551 3291 4560 .
3422 4523 3524 4606 pu
3557 4544 3582 4560 0
