3884 5342
822 408 905 490 S,
965 403 1459 489 Ntcotn
1521 423 1658 481 DE
1717 399 2521 488 'romu-‘rmm-
2710 411 2880 517 183

427 559 696 653 stolos‚
747 579 933 657 quos
983 553 1361 631 virtutum
1411 552 1857 653 splendore,
1905 555 1986 635 &
2036 555 2355 636 vivendi
2398 555 2648 637 forma
2694 559 3007 639 imitan-

317 584 453 739 ἷζε
506 658 641 737 fibi
693 655 1271 759 proposuerant,
1317 678 1639 734 numero
1688 656 1921 735 etiam
1968 659 2596 757 ‘repraesentabant
2637 713 2664 755 ‚
2718 659 2745 756 (
2788 683 3001 739 erant

315 759 531 840 enim
567 757 891 839 omnino
913 755 1312 834 duodecim
1336 754 1410 850 ‚)
1466 754 1878 858 pulilloque
1895 758 2115 859 gregi
2139 757 2573 859 Praeposltus
2608 763 3005 860 eratjoan-

319 885 457 940 nes
509 862 771 938 Petrus
817 855 1168 936 Caraffa.
1224 855 1491 935 Paucis
1543 876 1801 937 tamen
1847 859 2118 938 diebus
2171 883 2267 939 eo
2310 859 2399 936 in
2451 860 2625 937 loco
2666 886 3011 939 commo-

315 961 462 1040 rati
515 961 735 1054 sunt,
787 957 1199 1058 liquidem,
1253 958 1955 1062 praeterquamquod
1974 960 2396 1062 Templum
2425 960 2762 1040 instituti
2794 984 3013 1041 exer·

313 1060 524 1142 titiis
579 1059 1063 1139 necessari-um
1118 1082 1272 1135 non
1329 1057 1761 1158 habebant,
1807 1061 2108 1140 Canale
2165 1060 2611 1159 'nterjacens
2660 1061 2835 1140 satis
2886 1086 3008 1139 va·

316 1162 514 1246 stum
557 1215 584 1255 ‚
655 1161 729 1239 8<
781 1158 1036 1238 ventis
1106 1157 1501 1259 pervium,
1554 1162 1876 1262 populos
1948 1184 2130 1264 acce
2181 1161 2357 1240 endi
2402 1161 2723 1262 cupidos
2766 1162 3012 1243 ⁴Coelo

311 1262 630 1342 turbido
679 1259 1173 1360 prohibebat.
1229 1262 1494 1362 Itaque
1543 1261 1626 1340 in
1670 1261 1817 1341 suis
1870 1262 2382 1363 spiritualibus
2436 1261 2721 1343 muniis
2760 1286 3006 1365 quum

309 1381 744 1466 opportune
832 1359 1108 1438 versari
1201 1387 1359 1440 non
1453 1363 1738 1462 poffent
1794 1416 1826 1457 ‚
1916 1383 2004 1440 ut
2100 1362 2604 1462 opportunius
2688 1389 2737 1479 p
2842 1364 3005 1442 ulo-

306 1488 486 1546 rum
541 1459 1092 1541 neceffitatibus
1143 1460 1402 1560 praesto
1451 1463 1730 1562 client,
1781 1463 1918 1540 sub
1972 1462 2351 1563 sequentis
2403 1467 2474 1540 A
2584 1463 2725 1541 usti
2832 1488 3009 1543 nem

307 1564 405 1642 ad
459 1564 778 1643 domum
830 1561 1177 1641 Ecclefiae
1229 1564 1302 1641 S.
1347 1562 1701 1661 Gregorii
1753 1563 2182 1665 proximam
2252 1563 2326 1641 se
2379 1583 2545 1642 tran
2616 1564 2921 1641 ulerunt
2980 1617 3008 1659 0

305 1664 447 1743 ubi
501 1664 626 1742 die
678 1683 837 1742 xlv.
889 1662 1352 1768 Septembris
1397 1665 1746 1744 absoluto
1795 1664 2109 1766 Joannis
2135 1662 2334 1744 Petri
2362 1660 2731 1764 Praepoliti
2765 1662 3004 1741 'trien-

320 1764 462 1844 nio
516 1767 771 1844 Patres
842 1769 1015 1855 una‘,
1067 1763 1148 1841 in
1191 1763 1653 1864 Capitulum
1721 1765 2170 1870 congregati
2240 1767 2313 1843 S.
2366 1764 2822 1861 cajetanum
2892 1760 3021 1841 illi

305 1865 809 1948 suffecerunt.
866 1866 1140 1964 Neque
1195 1887 1377 1945 vero
1431 1865 1582 1945 hoc
1634 1864 1792 1966 ipso
1844 1865 2127 1945 inloco
2153 1864 2439 1943 diutius
2462 1863 3001 1958 substiterunt,

298 1965 597 2046 etenim
670 1991 869 2045 anno
924 1965 1346 2065 insequenti
1394 1966 1835 2045 bexvm.
1911 1969 2005 2045 ad
2058 1964 2507 2045 oratorium
2558 1967 2634 2044 S.
2684 1963 3003 2044 Nicolai

289 2066 389 2146 de
445 2066 878 2146 Tolentino
949 2066 1032 2144 in
1083 2091 1176 2146 ea
1223 2067 1535 2167 regione
1577 2122 1605 2164 ‚
1673 2093 1844 2169 quae
1890 2069 2167 2166 Dor-sus
2214 2064 2434 2152 durus
2498 2065 2927 2170 appellatur
2968 2114 3004 2161 ,

291 2166 524 2246 fitum
579 2186 1118 2264 trasrneantes²
1153 2166 1267 2247 ibi
1309 2190 1883 2270 permanentem
1921 2168 2168 2248 sedern
2197 2170 2644 2268 posuerunt.
2688 2166 2881 2245 *Hac
2907 2187 3004 2242 ex

293 2292 435 2348 ms.
489 2269 750 2349 codice
800 2269 884 2348 in
938 2267 1290 2348 Archivo
1344 2270 1652 2354 Veneta
1706 2272 2013 2350 Domus
2063 2267 2449 2349 S.Nicolai
2477 2264 3000 2348 Tolentinatis

293 2386 519 2450 eruta
542 2371 764 2466 sunt,
811 2369 940 2450 cui
960 2369 1270 2449 titulus:
1323 2366 1660 2450 Annales
1680 2366 2126 2450 clericorum
2146 2362 2629 2470 Regularium
2655 2393 2694 2468 ,·
2734 2368 2829 2445 in
2870 2391 3011 2460 eo,
3122 2446 3134 2456 ,

279 2493 461 2647 ἷξε.
510 2495 625 2549 22..
680 2470 839 2550 haec
891 2469 1273 2552 habentur
1327 2500 1344 2550 ε
1411 2470 1694 2552 Eodem
1762 2498 1954 2552 anno
2017 2502 2047 2552 1
2112 2480 2227 2552 28.
2302 2467 2427 2551 die
2481 2497 2598 2571 29.
2673 2476 2997 2544 Novem-

373 2596 438 2647 ts
492 2571 853 2672 affignata
889 2567 1051 2672 fuit
1090 2570 1464 2669 praediais
1512 2571 1859 2652 Panibus
1909 2582 2054 2653 Ecc
2088 2571 2236 2675 esta
2284 2581 2360 2650 S.
2392 2565 2688 2650 Nicolai
2738 2564 2831 2647 de
2850 2575 3001 2645 Το-

273 2664 577 2750 lentino
625 2699 678 2749 a
725 2670 1230 2773 Confi-utribus
1278 2671 1601 2753 oratorii
1638 2729 1661 2751 .
1733 2677 1973 2755 Porro
2021 2675 2208 2775 quid
2274 2674 2453 2752 effet
2524 2674 2670 2750 hoc
2722 2673 2997 2748 Orato-

279 2771 554 2867 rium‚
613 2774 689 2850 8<
729 2774 1069 2874 aquibus
1107 2776 1554 2868 excultum,
1593 2798 1771 2852 ·rem
1821 2772 2052 2851 altius
2098 2773 2517 2873 repetendo
2562 2769 3000 2871 expediam.

381 2873 484 2948 In
545 2873 882 2970 Templo
935 2875 1036 2950 D.
1091 2873 1459 2973 Stephani
1515 2872 2107 2973 Protomartyris
2143 2926 2173 2968 ‚
2238 2870 2455 2973 quod
2497 2896 2544 2946 a
2598 2869 2987 2947 Fratribus

275 2970 665 3051 Eremitis
715 2970 1032 3049 Ordinis
1075 2973 1156 3049 S,
1195 2969 1603 3073 Augustini
1651 2973 2089 3069 excolitur,
2132 2970 2245 3075 pii
2294 2970 2603 3074 quidam
2640 2971 2722 3074 p&
2764 2967 2990 3081 devo·

238 3071 351 3168 ‘ti
405 3070 563 3148 viri
615 3071 1228 3168 conveniebant,
1279 3071 1715 3153 Sodalitatis
1765 3073 1851 3154 in
1875 3074 2240 3168 modum,
2290 3069 3005 3153 recitareOfficrum

275 3171 639 3273 Deiparae
689 3172 926 3252 Festis
974 3173 1402 3275 quibusque
1449 3174 1720 3256 diebus
1753 3227 1788 3273 ‚
1849 3176 1932 3255 ἃ
1982 3175 2133 3254 alia
2182 3173 2621 3255 devotionis
2664 3193 2995 3251 ‘munera

283 3296 647 3367 exercere
685 3329 706 3350 .
758 3271 1092 3353 Suismet
1143 3275 1475 3375 primum
1532 3277 1830 3377 legibus
1882 3299 2141 3377 regere
2196 3276 2269 3354 se
2321 3277 2757 3358 maluerunt
2800 3327 2826 3368 ‚
2877 3270 3003 3349 de-

287 3373 479 3453 inde
531 3373 1173 3455 satiusducentes
1193 3376 1506 3455 Reffiori
1555 3379 1794 3458 alicui
1836 3380 2411 3480 obtemperare,
2464 3372 3003 3486 spirituali-cu·

286 3499 393 3555 τω
449 3474 893 3555 eorumdem
947 3478 1258 3556 Patrum
1323 3479 1594 3557 dedere
1651 3479 1722 3557 se
1776 3480 2276 3558 decreverunt
2321 3535 2339 3555 .
2422 3478 3003 3557 Perhnrnaniter

281 3575 607 3677 excepti
658 3578 917 3656 locum
969 3577 1172 3658 intra
1221 3577 1587 3676 claustra,
1637 3603 1787 3681 qua
1837 3599 2000 3659 erat
2052 3583 2209 3659 Ara
2252 3579 2468 3659 Divo
2492 3575 2824 3658 Nicolao
2846 3572 3005 3648 To·

290 3677 663 3757 lentinati
714 3676 1008 3777 dicata,
1056 3678 1611 3776 obtinuerunt,
1659 3706 1981 3784 earnque
2033 3680 2284 3761 sedern
2340 3703 2471 3781 per
2497 3676 2791 3775 aliquos
2818 3697 3003 3751 con-

286 3778 631 3858 tinenter
678 3803 917 3858 annos
970 3781 1502 3861 incoluerunt.
1557 3783 1870 3861 Exortis
1917 3781 2195 3860 deinde
2246 3778 2692 3858 Confi-atres
2748 3775 3008 3867 inter,

275 3878 360 3957 8<
415 3879 674 3959 Patres
701 3878 1098 3993 ‘Coenobii
1161 3906 1642 3984 quacumque
1715 3883 1808 3962 de
1859 3883 2080 3963 causa
2122 3937 2148 3978 v
2220 3901 2307 3961 ut
2360 3879 2807 3981 plerumque
2860 3874 2996 3969 fit,

283 3978 594 4060 acribus
644 3978 952 4061 dissidiis
991 4035 1019 4078 ‚
1089 3982 1440 4063 Sodalitii
1495 3984 1680 4064 viris
1732 3985 1981 4064 visum
2037 3984 2141 4062 est
2192 3983 2348 4062 alio
2400 3985 2472 4061 se
2528 3980 2915 4061 traducere
2968 4029 3001 4070 ,

285 4101 711 4196 aptumque
763 4082 1025 4163 locum
1066 4080 1205 4162 fibi
1242 4083 1725 4185 comparare,
1777 4086 1913 4166 ubi
1956 4084 2483 4185 tranquillius,
2537 4079 2999 4186 liberiusque

287 4205 439 4292 pus
494 4182 875 4265 exercitiis
948 4186 1040 4265 de
1092 4201 1306 4264 more
1384 4210 1647 4264 vacare
1701 4187 1988 4285 possent
2027 4244 2046 4263 .
2121 4188 2331 4263 Cum
2390 4185 2628 4284 igitur
2679 4180 2997 4286 Contra-

289 4301 446 4361 tres
500 4278 1009 4378 capitulariter
1049 4285 1500 4385 congregati
1546 4289 1749 4365 anno
1804 4287 2037 4364 Mxn.
2084 4286 2215 4365 die
2268 4308 2478 4362 xx1x.
2527 4278 2995 4361 Novembris

281 4380 371 4460 id
423 4379 777 4465 unanimi
827 4381 1144 4464 confilio
1190 4385 1732 4482 decreviss'ent‚
1783 4385 2082 4469 fibimet
2133 4385 2444 4487 fingulis
2464 4377 2863 4485 pecuniam
2888 4393 2992 4450 ta·-
3026 4475 3057 4494 „

2716 4497 2900 4551 Xan·-

2146 4635 2177 4676 1
