3884 5342
979 403 1163 508 '248
1469 394 2949 476 DEMomisx-ssimo

880 572 1002 632 tro
1052 545 1427 632 Avitabili
1480 540 1819 623 dedimus
1853 595 1883 635 ‚
1950 543 2081 641 qui
2134 569 2226 623 ex
2277 548 2572 647 Aleppo
2624 547 2951 622 Romam
2976 517 3547 645 'Reverendifsp

881 678 1014 732 mo
1063 649 1218 749 ejus
1275 645 1473 727 Patri
1523 642 1876 721 Generali
1935 644 2462 749 D-Onophrio
2522 647 2958 746 Amphora,
3010 667 3104 719 eo
3156 659 3359 750 annp
3398 653 3546 748 ‘nu-

878 752 1015 849 fit,
1065 752 1191 830 eui
1246 751 1473 826 etiam
1530 770 1664 823 nos
1715 741 1807 822 de
1859 768 1952 822 eo
2002 746 2375 826 miraculo
2427 745 2881 846 scripfimus.
2936 741 3261 824 Afferuit
3316 753 3548 832 lgltut

777 929 784 940 ,
880 852 1137 932 medio
1193 847 1613 947 juramento
1683 844 1768 921 in
1817 869 1904 920 ea
1956 846 2428 928 attestatione
2480 849 2801 947 Joannes
2855 850 3233 926 Robertus
3308 837 3552 947 sena·

883 972 1051 1030 tum
1107 948 1451 1027 Venetiis
1507 944 2073 1042 interceffione‚
2123 974 2208 1026 ac
2266 948 2555 1028 meritis
2606 948 2817 1026 Beati
2873 944 3183 1046 Ioannis
3210 940 3551 1017 Manno·

884 1053 1044 1146 nii,
1096 1049 1218 1129 cui
1277 1067 1615 1148 parentes
1666 1044 1997 1123 filiorum
2052 1048 2457 1145 defideri0‚
2507 1047 2782 1149 quibus
2833 1049 2963 1125 diu
2985 1060 3374 1131 caruerat,
3424 1058 3554 1147 vq-

879 1177 1103 1247 vere‚
1154 1151 1228 1228 8<
1280 1176 1364 1228 ea
1408 1150 1498 1227 de
1520 1146 1734 1225 causa
1778 1147 2049 1226 abillis
2071 1150 2440 1248 Ioannem
2495 1149 3005 1248 appellatum,
3058 1144 3348 1241 effeque
3394 1159 3556 1212 um·

882 1277 1062 1332 cum
1138 1273 1233 1330 ex
1305 1274 1396 1329 eo
1470 1245 1856 1328 connubio
1929 1272 2190 1329 natum
2236 1310 2254 1327 .
2327 1250 3011 1329 Commorantibus
3083 1246 3237 1323 illis
3314 1237 3558 1348 postea

880 1351 1198 1431 Candiae
1242 1405 1268 1447 ‚
1337 1376 1422 1430 ac
1477 1370 1680 1449 patre
1735 1369 2084 1447 mortuo,
2138 1351 2518 1452 superstite
2589 1375 2831 1430 matre
2898 1375 3100 1428 anno
3164 1351 3375 1437 1627,
3445 1338 3568 1416 dm

883 1452 1085 1532 Maii
1141 1479 1255 1531 20.
1309 1478 1351 1531 e
1406 1448 1788 1554 Navicula
1840 1475 1986 1549 qua
2037 1451 2472 1531 descendere
2522 1454 2954 1551 cogitabat,
3006 1448 3269 1527 cadere
3312 1442 3568 1554 ἱειῐῃξ-

882 1579 1011 1648 re,
1063 1574 1284 1653 atque
1338 1554 1432 1630 ab
1485 1549 1707 1628 undis
1757 1571 2188 1653 arreptum,
2228 1555 2310 1632 8<
2363 1577 2493 1656 per
2548 1553 2924 1652 integram
2949 1552 3214 1629 horam
3256 1549 3567 1653 cunqui-

881 1651 1104 1732 situm
1162 1663 1551 1732 mortuum
1603 1651 1910 1730 tandem
1967 1652 2367 1733 inventum
2410 1709 2439 1752 ‚
2490 1655 2587 1733 ad·
2632 1677 2953 1732 matrem
3010 1652 3349 1729 delatum
3406 1637 3569 1720 fuls·

881 1757 995 1848 se,
1047 1780 1207 1856 quae
1262 1754 1401 1866 illi·
1433 1750 1853 1850 spec‘taculo
1905 1754 2155 1832 soluto
2206 1755 2462 1850 crine,
2517 1755 2824 1856 profufis
2848 1756 2937 1831 ad
2959 1753 3243 1831 coelum
3278 1745 3571 1860 lachrgg

879 1857 1028 1936 mis
1079 1881 1164 1935 ac
1216 1852 1542 1952 suspiriis
1593 1854 1901 1930 obviam
1958 1853 2194 1953 faeta,
2246 1857 2598 1936 invocato
2654 1858 2732 1938 B.
2777 1855 3087 1955 Joannis
3143 1847 3570 1929 Marinonn

880 1958 1065 2058 saepe
1120 1954 1431 2034 nomine
1473 2009 1498 2049 ‚
1547 1954 1762 2052 cujus
1812 1980 2032 2055 opem
2078 1956 2544 2058 ⁸implorabat
2588 2014 2615 2052 ,
2689 1960 2979 2036 summa
3033 1953 3226 2047 fide,
3282 1949 3564 2059 sacram

883 2057 1039 2153 eius
1092 2055 1508 2157 imaginem
1548 2109 1575 2151 ‚
1625 2079 1853 2155 quam
1909 2057 2118 2135 domi
2170 2059 2473 2137 colebat
2515 2113 2541 2156 ,
2594 2056 2932 2138 extincto
2984 2051 3287 2155 corpori
3339 2047 3570 2162 appii:

878 2158 1042 2239 cuit
1084 2213 1112 2254 ‚
1161 2183 1380 2238 orans
1419 2211 1448 2254 ‚
1494 2181 1582 2235 ac
1638 2155 2078 2235 inceffanter
2133 2180 2388 2260 petens
2441 2187 2485 2238 a
2538 2158 2988 2237 Marinonio
3055 2155 3299 2232 vitam
3358 2161 3567 2227 unici

882 2258 1025 2339 filii
1080 2259 1238 2355 sui,
1288 2283 1516 2359 quem
1571 2253 1729 2356 ejus
1781 2258 2075 2352 rue-ritis
2116 2315 2143 2355 .,
2197 2260 2269 2338 8<
2325 2260 2846 2342 intercessione
2898 2259 2981 2337 in
3037 2278 3253 2336 utero
3308 2273 3570 2334 conce-

891 2379 1101 2458 perat
1140 2413 1167 2452 ,
1239 2383 1323 2436 ac
1377 2358 1594 2436 fimul
1651 2381 1937 2436 vovens
1992 2357 2046 2436 fi
2098 2361 2508 2460 resurgeret
2551 2416 2577 2459 ‚
2650 2363 2721 2439 se
2777 2360 2998 2438 illum
3054 2357 3237 2435 Deo
3287 2349 3580 2432 dicatu-

885 2483 1084 2572 ram.
1139 2456 1384 2537 Fuiffe
1428 2457 1731 2535 tandem
1777 2479 1931 2536 tam
1956 2481 2339 2561 acceptam
2368 2462 2743 2556 Nummi,
2797 2487 2883 2540 ac
2908 2458 3179 2539 SanRo
3233 2454 3365 2558 piae
3418 2475 3582 2527 ma·

894 2582 1029 2637 tris
1082 2556 1309 2672 ficiem
1350 2612 1377 2653 .‚
1441 2558 1515 2637 8<
1569 2563 1834 2634 vot‘um
1874 2613 1901 2654 .‚
1980 2582 2061 2637 ut
2117 2586 2209 2639 eo
2264 2562 2561 2663 peracto
2635 2562 2880 2650 statim
2955 2584 3220 2662 corpus
3262 2547 3579 2632 moveri.

887 2680 1202 2759 coeperlt
1245 2713 1294 2773 ⁹.
1345 2682 1431 2736 ac
1489 2658 1706 2736 brevi
1759 2657 2207 2741 reviviscere
2261 2684 2620 2763 tanquam
2674 2691 2717 2740 a
2769 2666 3056 2742 somno·
3087 2657 3495 2740 excitatum
3563 2705 3587 2727 .

886 2763 1148 2859 Quare
1200 2755 1489 2857 aliquot
1545 2759 1698 2858 post
1750 2760 1969 2840 annis
2021 2782 2260 2843 matre
2313 2765 2666 2843 suadente
2722 2765 2941 2844 sacris
2995 2761 3382 2841 initiatum
3436 2751 3588 2853 pri·

889 2884 1095 2939 mam
1152 2860 1244 2939 de
1294 2860 1378 2938 B.-
1430 2860 1722 2959 Ioanne
1775 2859 2228 2960 Marinonio
2283 2865 2589 2944 Missam
2642 2867 3020 2946 celebrare
3077 2860 3441 2953 voluisse,
3490 2879 3585 2936 ac

893 2987 942 3063 p
1005 3049 1016 3064 ι
1067 3051 1078 3059 ἢ
1202 2961 1582 3074 celebrare
1624 3016 1649 3055 ‚
1722 2961 1795 3039 8(
1847 2964 1942 3041 ad
1993 2965 2149 3062 ejus
2200 2965 2717 3046 imitationem
2790 2967 2991 3044 idem
3049 2963 3332 3042 multos
3384 2981 3589 3061 pera-

889 3088 1088 3176 gere·
1129 3062 1653 3139 eo-mrra‘c‘ulo
1723 3087 2213 3164 commot08‚
2291 3069 2561 3148 eodem
2619 3068 2875 3147 medio
2931 3067 3360 3165 juramento
3411 3060 3586 3138 affe·

821 3235 826 3244 .
894 3135 1130 3240 ruedt
1174 3218 1191 3236 .
1268 3164 1464 3258 Quae
1516 3159 1778 3275 omnia
1850 3164 1947 3280 in·
1987 3168 2126 3248 hac
2200 3168 2447 3248 nostra
2521 3168 2994 3250 attestatione
3047 3164 3374 3267 exposita
3414 3218 3440 3259 ‚
3488 3185 3591 3239 eo

894 3261 1376 3376 3¹¹0d9’fl9‘?
1428 3261 1874 3360 retulimus,
1925 3268 2400 3365 jurejurando
2453 3295 2629 3350 vera
2683 3273 2822 3350 esse
2878 3268 3276 3365 testamur,
3329 3265 3411 3345 in
3464 3286 3588 3346 cu·

891 3381 1362 3478 Jus‘veritatt
1415 3359 1640 3478 fidem
1697 3366 2135 3462 praesentem
2191 3396 2420 3449 manu
2476 3370 2772 3474 propria
2795 3369 3396 3473 subscripsimus,
3449 3390 3581 3445 no-

894 3458 1042 3541 stro
1092 3458 1338 3566 figtllo
1391 3484 1807 3544 munitam.
1859 3470 2047 3549 Goae
2102 3498 2218 3552 20.
2269 3473 2393 3553 die
2446 3471 2764 3576 Augusti
2830 3480 3041 3571 1641.

973 3731 984 3744 .
1091 3661 1341 3748 locus
1389 3668 1477 3759 ᾧ
1528 3666 1822 3768 Sigilii.

1704 3871 2251 3962 F.Franciscus
2299 3879 2485 3965 Ant.
2540 3876 2900 3981 Archiep.
2956 3867 3379 3978 Myrenfis.

3155 4478 3500 4566 Alexan·
