3884 5342
918 384 979 480 4
1412 371 1612 455 ΒΕ
1736 298 2932 455 Mortis-ranno.

783 518 1058 624 ‚slitia
1110 518 1237 599 sua
1286 540 1416 600 eos
1467 516 1829 621 praeve'nit
1869 517 1958 596 ἃ
2006 512 2203 631 facto
2254 513 2337 593 in
2381 540 2515 596 eos
2555 514 2858 634 impetu
2911 518 3126 618 apud·
3157 520 3481 607 Turrim

784 675 847 725 „
896 646 1228 717 novam,
1278 618 1564 699 multos
1612 642 1708 699 ex
1756 618 1868 698 eis
1919 634 2200 718 coeptt,
2249 615 2501 718 plures
2548 619 2833 699 oceidit
2871 675 2892 695 .
2943 621 3087 699 Sed
3138 619 3213 700 8(
3263 620 3484 705 Pote-

783 777 843 823 „
893 723 1030 802 stas
1090 718 1495 822 -praediaus
1562 739 1825 819 captus
1894 716 2003 797 est
2051 738 2230 796 cum
2279 717 2656 798 Caroccio
2696 773 2723 815 ,
2791 743 3020 819 quem
3073 721 3477 804 Federicus

788 877 846 925 „
894 820 1284 901 damnavit
1336 821 1430 897 ad
1479 838 1805 899 mortem
1850 846 1871 896 ε
1923 818 1980 887 .“
2029 814 2359 897 Diverso
2391 870 2424 913 ,
2491 816 2569 896 δε
2614 818 2926 920 quidem
2975 820 3490 921 probabiliori·

781 922 1023 1005 modo·
1068 941 1415 1025 ereptum
1464 917 1673 998 fuisse
1724 919 2015 1000 sacrum
2067 942 2340 1019 corpus
2385 917 2610 997 refert
2664 921 3328 1001 membranaceum
3347 924 3479 1004 do·

786 1024 1238 1103 eu'mentum
1286 1047 1333 1098 a
1381 1018 1717 1100 Codalio
1766 1020 2089 1100 citatum
2121 1073 2151 1116 ,
2201 1020 2277 1099 8(
2323 1017 2409 1098 in
2437 1018 2781 1100 Archivo
2835 1019 3486 1105 MonasteriiSSa·

784 1123 1091 1205 Cosmae
1142 1121 1220 1202 8<
1269 1120 1635 1201 Damiani
1692 1120 2189 1201 Venetiarum
2263 1121 2346 1199 in
2419 1119 2614 1199 hanc
2689 1119 2892 1200 diem
2963 1123 3409 1202 asservatum
3449 1152 3478 1205 t

782 1266 838 1323 5,
891 1221 1221 1304 Gloriofi
1270 1223 1345 1301 S.
1387 1220 1714 1301 Secundi
1764 1247 2037 1324 corpus
2075 1275 2105 1318 ,
2175 1219 2259 1299 in
2311 1220 2521 1322 capsa
2573 1219 2927 1322 plumbea
2997 1221 3480 1305 reconditum

784 1377 840 1424 ‚,
890 1325 1027 1404 sub
1079 1343 1278 1402 terra
1332 1321 1688 1403 trecentis
1739 1323 2053 1423 triginta
2105 1319 2350 1402 tribus
2395 1320 2617 1400 annis
2667 1321 2750 1400 in
2801 1320 3121 1402 civitate
3144 1321 3492 1423 Astenfi,

783 1478 842 1525 „
890 1424 1102 1523 cujus
1153 1423 1259 1502 est
1310 1424 1723 1521 Patronus,
1774 1421 2302 1503 absconditum
2357 1418 2594 1501 stetit.
2653 1420 2910 1502 Postea
2957 1447 3141 1507 vero.
3182 1422 3526 1507 Divina,

781 1577 840 1623 ‚,
892 1525 1379 1624 inspiratione
1432 1546 1810 1629 repertum
1849 1578 1879 1621 ,
1926 1527 2005 1604 δε
2057 1524 2532 1625 propalatum
2583 1521 2727 1602 fnit
2768 1578 2808 1620 „
2849 1522 3326 1626 pini-imaque
3373 1524 3486 1619 so-

785 1676 843 1723 „
893 1627 1179 1705 lemnia
1227 1628 1650 1723 celebrata,
1700 1649 2026 1726 cumque
2080 1650 2168 1703 ea
2217 1649 2334 1703 res
2385 1623 2582 1701 fama
2603 1622 3170 1726 divulgaretur,
3217 1625 3486 1706 amuli

781 1777 840 1825 „
893 1725 991 1805 tis
1040 1725 1630 1828 orbis2partibus
1676 1726 1795 1805 ad·
1827 1724 2279 1803 viiitandum
2329 1724 2425 1803 de
2476 1747 2662 1805 voto
2712 1749 2982 1827 corpus
3021 1724 3281 1826 populi
3304 1750 3482 1806 con·

781 1877 841 1923 „
888 1824 1343 1907 veniebant.
1394 1827 1507 1906 Ea
1559 1826 1640 1906 iu
1690 1825 2005 1919 civitate
2058 1824 2454 1905 numerosa
2503 1824 2793 1905 familia
2842 1847 2999 1905 erat
3051 1848 3145 1905 ex
3193 1827 3488 1905 Ventu-

783 1952 843 2027 ᾗ,
894 1926 995 2009 ris
1046 1926 1633 2030 cognominata,
1684 1926 2065 2027 contigit,
2119 1947 2201 2004 ut
2251 1927 2610 2005 nonnulli
2667 1926 3139 2007 Mercatores
3197 1925 3483 2007 Veneti

785 2079 843 2126 „
892 2055 986 2109 eo
1028 2028 1489 2124 evaderent,
1539 2025 1875 2128 faciatque
1934 2026 2500 2122 conventione,
2549 2025 2857 2128 quidam
2907 2050 3003 2107 ex
3055 2024 3253 2105 dieta
3274 2025 3488 2107 fami<

785 2178 863 2226 ,,.
893 2129 995 2207 lia
1045 2128 1244 2210 clam
1297 2152 1570 2230 corpus
1619 2130 2017 2230 abreptum
2071 2125 2239 2229 ipfis
2287 2126 2831 2207 mercatoribus
2879 2125 3128 2229 pretio
3166 2128 3490 2208 tradide-

788 2274 845 2325 „
896 2231 1381 2326 runt,-nuod
1435 2229 1672 2310 scelus
1723 2230 1860 2310 ubi
1914 2246 2293 2331 patratum
2344 2225 2501 2325 est,
2553 2225 2769 2309 illico
2790 2248 2994 2307 mors
3013 2225 3247 2306 ineos
3270 2227 3480 2307 saevi·

787 2372 846 2431 „
895 2353 983 2407 re
1028 2330 1311 2430 coepit,
1359 2330 1469 2411 ita
1519 2351 1605 2410 ut
1655 2353 1751 2410 ex
1802 2349 2023 2410 tanto
2075 2351 2443 2425 numero,
2494 2352 2780 2409 novem
2828 2328 3070 2409 solum
3113 2327 3486 2428 superfue,

780 2428 849 2525 3,
896 2452 1115 2515 runt.
1166 2430 1381 2511 Cum
1436 2456 1632 2514 unus
1682 2432 1974 2526 oritur,
2025 2431 2217 2512 alter
2237 2429 2465 2532 perit.
2521 2429 2976 2529 Huiusmodi
3003 2428 3489 2529 maledietio,

784 2564 853 2626 ῃ
894 2554 1065 2632 quae
1106 2529 1403 2611 Christi
1458 2531 2072 2614 crucifixoribus
2122 2528 2553 2633 supervenit
2591 2584 2619 2627 ,
2691 2530 3033 2630 pluribus
3085 2528 3311 2627 hujus
3359 2548 3486 2631 ge·

780 2680 852 2727 „
901 2631 1103 2710 neris
1153 2633 1324 2715 data
1376 2632 1485 2713 est
1521 2690 1541 2712 .
1622 2634 2094 2714 Mercatores
2146 2654 2492 2734 emptum
2545 2632 2849 2732 Corpus
2904 2627 3263 2709 Venetias
3451 2672 3489 2701 0

784 2754 847 2829 γ,
894 2750 1188 2830 tames,
1236 2734 1616 2818 collocare
1664 2736 2164 2815 decreverunt
2220 2733 2304 2812 in
2353 2733 2830 2831 Canaregio,
2877 2728 2963 2809 in
3019 2728 3302 2829 Templ
3365 2804 3370 2811 ,
3408 2726 3488 2811 Sa

782 2852 843 2930 ‚4
895 2832 1307 2914 Hieremia
1346 2890 1377 2932 ,
1447 2833 1583 2938 qui
1633 2861 1813 2915 cum
1864 2834 2126 2915 frustra
2176 2832 2271 2915 ad
2317 2834 2562 2935 ripam
2611 2829 2986 2931 applicare
3035 2832 3492 2928 tentassent,

781 2980 841 3030 ‚,
887 2933 1239 3034 depositis
1282 2936 1562 3034 remis,
1611 2938 1971 3037 cymbam
2028 2933 2250 3015 undis
2301 2930 2890 3015 commiserunt.
2944 2928 3296 3012 Tandem
3311 2931 3491 3013 nui<

782 3031 977 3130 „210
1029 3036 1550 3131 gubernaculo
1602 3040 1882 3136 cymba
1934 3035 2282 3138 pervenit
2331 3033 2423 3112 ad
2477 3034 2738 3113 locum
2782 3087 2812 3126 ,
2864 3031 3000 3112 ubi
3067 3056 3275 3113 nunc
3326 3057 3488 3114 eor·

784 3158 843 3229 ς,
896 3155 1053 3233 pus·
1084 3133 1487 3235 repofitum
1541 3134 1687 3215 est.
1738 3138 1926 3217 Erat
1976 3136 2087 3216 ibi
2143 3159 2328 3215 tunc
2368 3131 2727 3233 temporis
2753 3130 3491 3215 Monasteriumexh
3585 3198 3610 3219 e

783 3280 843 3330 9,
892 3256 1132 3332 guum
1204 3259 1381 3315 cum
1435 3235 1698 3337 pusilla
1746 3237 2082 3327 Ecclesia
2132 3231 2405 3315 saneto
2449 3233 2767 3312 Erasmo
2818 3234 3160 3314 dedicata
3201 3289 3231 3332 ,
3280 3233 3489 3338 quod

778 3376 847 3430 ‚,
896 3331 1262 3449 religiosae
1314 3335 1671 3419 mulieres
1822 3338 2228 3417 ffidebant.
2282 3332 2496 3412 Novi
2521 3331 2774 3414 Sancti
2828 3334 3266 3433 miraculis,
3318 3337 3488 3438 plu·

784 3464 846 3529 ·‚‚
895 3432 1109 3515 rimis
1159 3434 1662 3541 eleemosynis
1764 3461 2133 3531 enatum,
2185 3455 2411 3535 atque
2452 3434 3001 3536 amplificatum
3045 3435 3234 3516 fuit.
3475 3490 3482 3501 «

788 3594 807 3606 ἡ
889 3533 1077 3616 Haec
1129 3535 1328 3617 inter
1377 3539 1451 3619 se
1502 3540 1785 3621 dissona
1838 3539 2301 3618 documenta
2341 3587 2368 3630 ,
2440 3559 2605 3636 quae
2657 3535 3234 3617 translationem
3288 3532 3490 3619 Divi

783 3632 1113 3717 Secundi
1144 3638 1500 3721 referunt
1539 3695 1587 3738 ,.
1617 3666 1798 3722 cum
1853 3637 2178 3717 minime
2226 3634 2668 3715 concordari
2908 3658 2992 3715 nt
3032 3691 3062 3734 ,
3093 3704 3100 3713 ,
3131 3630 3494 3739 diligenti

788 3737 1141 3820 examine
1195 3743 1806 3842 perpendendum
1862 3737 2015 3833 est,
2063 3735 2370 3815 cuinam
2426 3734 2678 3834 potius
2752 3736 2879 3815 des
2899 3736 2988 3837 ,fit
3011 3737 3488 3819 adhibenda.

800 3910 805 3917 .
896 3838 1070 3938 Ea,
1119 3864 1283 3942 quae
1338 3844 1423 3921 in
1478 3840 1766 3920 vetusta
1817 3836 2098 3917 tabella
2122 3833 2387 3935 parieti
2411 3833 2634 3911 affixa
2655 3833 3124 3930 afferuntur,
3164 3857 3259 3913 ex
3281 3833 3491 3915 filen·

782 3935 902 4018 tio
922 3939 1395 4042 Scriptorum
1438 3942 1690 4020 minus
1718 3935 2022 4017 veritati
2047 3956 2464 4031 congruere
2488 3934 2824 4034 superius
2840 3936 3346 4037 agnovimuS,
3396 3957 3498 4018 ex

774 4039 1131 4125 eoetiam
1180 4040 1645 4144 reprobanda
1668 4039 1888 4130 sunt,
1937 4030 2140 4133 quod
2164 4032 2450 4113 sacrum
2475 4057 2755 4136 eorpus
2773 4036 3091 4117 afferunt
3119 4035 3492 4119 Venetias

780 4139 1190 4224 dedustum
1260 4142 1473 4225 suiffe
1543 4150 1744 4218 anno·
1801 4133 2350 4216 Mccxxxv11.;
2401 4148 2583 4214 cum
2636 4156 2894 4215 tamen
2960 4133 3109 4231 jam
3164 4135 3344 4217 inde
3392 4140 3495 4221 ab

782 4263 987 4322 anno
1045 4245 1396 4325 Moe-111.
1451 4237 1793 4319 Astenses
1864 4230 2068 4312 fama
2138 4232 2582 4333 accepiffent
2653 4257 2926 4333 corpus
2977 4237 3051 4313 S.
3107 4236 3493 4337 Martyris

780 4339 1047 4433 furtim
1138 4342 1535 4427 sublatum
1596 4331 1974 4442 Venetiis·
2011 4331 2478 4439 'requiescere
2517 4386 2540 4412 .
2613 4333 3202 4521 Documenta&
3241 4334 3491 4516 ¹{affert

1844 4502 1857 4515 .
3184 4457 3235 4538 g
3294 4459 3334 4517 e
