3884 5342
956 449 1062 534 50
1451 423 2904 539 DnMoanrssnto

930 588 1170 648 unum
1225 568 1292 648 E
1346 568 1637 670 iscopus'
1678 626 1705 666 ,
1776 595 1962 652 mox
2017 570 2252 649 nimia
2323 568 2900 670 importunitate
2969 566 3308 651 devietur
3348 572 3526 667 ,ad

830 594 1346 766 ffiajurbienlg
1402 672 1499 748 D.
1526 672 1976 771 Euphemiae
2016 671 2536 767 Coenobiurn,
2587 669 2711 749 cui
2769 669 2979 749 n'ulla
3030 669 3102 748 ei
3157 672 3520 772 temporis

832 771 1220 851 Abbatifla
1248 794 1596 870 praeerat,
1648 773 1859 854 illam
1886 774 2307 866 adducens,
2357 771 2450 851 iis
2475 769 2797 872 praefecit
2827 769 3350 867 Monialibus,
3423 794 3519 851 eo

833 869 1296 987 potissimum
1342 871 1701 970 consilio,
1755 898 1838 954 ut
1883 895 2280 952 nutantem
2326 871 2688 972 regularis
2713 872 2888 950 vitae
2910 870 3380 971 disciplinam
3433 868 3534 952 in'

829 972 989 1073 ipso
1043 971 1413 1050 firmaret.
1469 973 1822 1077 Suscepto
1877 974 2129 1074 itaque
2159 973 2373 1070 hujus
2399 970 2826 1057 monasterii
2879 972 3249 1071 regimine
3305 972 3525 1053 brevi

827 1070 1206 1171 ingemuit
1236 1073 1538 1153 Mariua
1563 1076 1631 1153 se
1658 1075 1735 1155 in
1762 1076 2058 1155 diverso
2111 1075 2283 1154 loco
2306 1074 2620 1151 eandem
2647 1071 2951 1151 vivendi
2980 1071 3367 1151 licentiam
3391 1128 3417 1168 ,
3469 1100 3517 1153 a

824 1195 972 1272 qua
994 1173 1406 1273 aufugerat,
1430 1175 1812 1271 invenisse,
1830 1199 2282 1277 quapropter
2303 1174 2498 1255 nihil
2528 1174 2981 1252 intentatum
3009 1173 3342 1273 reliquit,
3361 1199 3518 1273 quo
3563 1182 3572 1193 ‘

707 1346 723 1361 „
828 1293 1161 1368 errantes
1213 1275 1501 1354 animos
1552 1276 1643 1355 ad
1697 1276 1982 1357 reddum
2040 1275 2293 1354 salutis
2348 1275 2728 1354 tramitem
2782 1290 3173 1353 evocaret.
3231 1274 3374 1375 Spe
3418 1298 3520 1352 ta·

825 1395 1005 1451 men
1058 1372 1442 1471 frustrata,
1494 1403 1669 1455 cum
1726 1379 2041 1457 ulterius
2084 1377 2367 1455 solutos
2388 1374 3091 1471 Sanetimonialium
3120 1400 3368 1455 mores
3408 1395 3522 1454 to-

796 1471 1068 1554 'lerare
1123 1476 1515 1575 nequiret,
1569 1478 2025 1580 Episcopum
2053 1500 2253 1555 nova
2281 1501 2493 1577 prece
2531 1474 2925 1577 fatigavit,
2977 1497 3060 1553 ut
3102 1474 3287 1570 fibi,
3338 1501 3522 1578 quo·

831 1572 1039 1651 niam
1097 1576 1293 1654 inter
1346 1576 1655 1655 claustra
1711 1578 2028 1658 effrenes
2101 1578 2349 1656 saeculi
2428 1603 2676 1657 mores
2729 1577 3380 1678 perhorresceret,
3435 1577 3522 1656 in

820 1671 1166 1767 fraternis
1219 1678 1497 1755 aedibus
1519 1704 1692 1757 cum
1722 1682 2028 1758 Donata
2054 1677 2504 1773 Trivisana,
2560 1677 2660 1777 pii
2691 1676 3040 1778 propositi
3067 1676 3308 1771 socia,
3360 1678 3520 1755 san-

822 1772 941 1855 &e
979 1775 1461 1856 monasticam
1488 1779 1726 1856 vitam
1770 1776 1997 1879 'agere
2053 1781 2289 1879 poffe,
2341 1778 2828 1858 concederet.
2885 1777 3341 1855 Affentiente
3387 1776 3524 1855 ita-

826 1899 973 1975 que
1032 1876 1343 1954 Praesule
1398 1879 1477 1955 in
1535 1902 1918 1979 paternam
1977 1881 2291 1957 domum
2345 1904 2389 1955 a
2441 1880 2700 1957 Fratre
2775 1884 3243 1978 peramanter
3316 1902 3527 1957 exce-

829 1995 961 2075 pta
1013 1973 1275 2055 sanetae
1329 1978 1753 2060 solitudinis
1805 2002 2118 2080 pacem,
2167 2005 2393 2080 quam
2447 1979 2646 2056 inter
2683 1977 3124 2056 Monasterii
3182 1980 3382 2078 septa
3432 1979 3525 2057 ir-

822 2073 977 2163 rito
1029 2077 1287 2192 labore
1340 2078 1766 2183 quaefierat,
1820 2079 1902 2160 in
1926 2080 2187 2163 divitis
2208 2081 2484 2162 domus
2526 2099 2824 2160 remoto
2847 2078 3130 2182 angulo
3169 2077 3304 2159 fibi
3325 2103 3530 2159 com-

876 2198 1159 2259 aravit.

825 2199 875 2282 P
921 2278 1305 2379 Quamvis
1373 2292 1628 2362 autem
1700 2306 1796 2362 eo
1845 2283 2124 2386 quietis
2193 2284 2453 2385 spiritu
2504 2331 2530 2380 ‚
2603 2282 2678 2362 ἃ
2729 2282 3060 2363 ascetieae
3136 2280 3311 2360 vit‘ae
3355 2279 3530 2360 otio

821 2381 1155 2458 maxime
1209 2380 1344 2460 fibi
1396 2384 1900 2485 complaceret
1941 2440 1969 2481 ,
2042 2407 2296 2465 tamen
2352 2385 2445 2463 ad
2497 2383 2777 2461 ma'ora
2834 2410 2969 2485 pro
3024 2383 3172 2460 Dei
3233 2382 3524 2459 honore

815 2482 1176 2578 patranda
1248 2506 1641 2564 evocatam
1695 2487 1768 2566 se
1819 2485 2145 2566 sentiens
2199 2486 2466 2564 divino
2520 2510 2559 2561 a
2648 2506 2776 2564 atu
2819 2540 2846 2578 ,
2917 2485 3009 2563 de
3064 2478 3524 2562 instituendo

816 2581 1409 2663 Observantium
1467 2586 1940 2666 Monialium
2000 2587 2386 2667 Asceterio
2458 2586 2855 2665 confilium
2916 2582 3157 2678 iniit,
3234 2583 3316 2659 in
3370 2607 3522 2685 quo

813 2680 951 2794 sub
1006 2683 1193 2761 Divi
1250 2685 1633 2766 Benediffi
1688 2691 1945 2788 regula
2004 2688 2357 2788 Virgines
2411 2690 2584 2767 Deo
2640 2685 3084 2766 inservirent
3131 2738 3159 2778 ,
3193 2683 3304 2797 ,ἃ
3336 2683 3526 2797 ‘No-

817 2782 1008 2861 blles
1060 2785 1290 2868 Urbis
1341 2788 1943 2889 adolescentulas*
1987 2788 2261 2890 pietate
2303 2844 2330 2884 ,
2398 2790 2470 2868 8<
2526 2789 2744 2867 bonis
2798 2788 3136 2865 moribus
3190 2781 3521 2861 institue-

817 2900 1031 2989 rent.
1085 2887 1324 2966 Omni
1380 2889 1719 2969 humano
1757 2888 2109 2971 destituta
2132 2889 2529 2989 suffragio,
2584 2890 2653 2967 se
2677 2886 3069 2966 difficilem
3122 2884 3308 2962 adeo
3362 2908 3525 2998 rem

748 3046 755 3074 ,
816 2985 1122 3087 aggredi
1188 2988 1479 3089 optime
1552 2990 1772 3068 novit
1811 3046 1843 3092 ,
1906 3012 2245 3069 attamen
2317 2989 2539 3066 omni
2591 2990 2711 3087 spe
2788 2988 2868 3067 in
2945 3012 3099 3065 uno
3163 2986 3338 3064 Deo
3411 2998 3522 3063 ret

819 3082 1411 3192 bene-gerenda&
1463 3090 1776 3190 repofita
1817 3145 1844 3187 ,
1917 3092 2130 3191 operi
2204 3114 2519 3169 manum
2595 3087 2939 3166 admovit
2980 3143 3007 3183 ,
3082 3108 3522 3183 novumque

822 3183 1245 3283 Templum
1299 3192 1670 3273 paraclito
1692 3191 1963 3272 Sanfio
1985 3191 2347 3297 Spiritui,
2397 3190 2608 3293 cujus
2651 3188 3014 3272 instinetu-
3063 3189 3525 3285 ducebatur,

778 3281 1135 3375 sacrum,
1171 3286 1411 3371 facere
1462 3291 1834 3389 instituit.
1944 3363 1949 3367 ,

827 3430 849 3500 .-
926 3386 1051 3469 Ad
1102 3414 1327 3491 opem
1384 3392 1635 3495 itaque
1690 3394 2065 3477 Divinam
2117 3394 2448 3476 ferventi
2500 3395 2760 3475 ardore
2815 3391 3159 3495 confugit
3199 3447 3227 3487 ,
3296 3406 3525 3490 atque

824 3508 909 3563 m
961 3510 1217 3588 preces
1285 3492 1511 3574 effusa
1567 3495 1934 3577 Numinis
1986 3497 2474 3577 clementiam
2528 3497 2751 3576 enixe
2806 3498 3199 3596 deprecata
3238 3489 3385 3584 est,
3438 3506 3534 3604 ue

822 3610 968 3686 qua
1024 3592 1482 3689 potiffimum
1538 3598 1830 3677 ratione
1884 3599 2074 3678 tanti
2129 3598 2375 3699 operis
2428 3599 2654 3678 initia
2701 3596 2991 3699 disponi
3042 3590 3534 3706 vellet'Qah-

752 3751 755 3754 .
823 3710 980 3784 quo
1030 3693 1263 3776 modo
1337 3695 1787 3796 significaret
1827 3757 1846 3779 .
1919 3699 2275 3781 Humilia
2328 3700 2630 3779 famulae
2701 3699 2844 3779 suae
2898 3718 3077 3777 vota
3130 3693 3536 3807 suscipiens

798 3787 1217 3891 ,Dominus
1273 3796 1345 3875 ei
1400 3798 1735 3877 mirabili
1810 3801 2279 3882 revelatione
2355 3798 2801 3899 significavit
2840 3855 2874 3896 ,
2935 3820 3019 3878 ut
3075 3799 3153 3874 in
3205 3796 3536 3896 Judatcoe

830 3890 1228 3983 Insulaad
1283 3896 1486 3997 piam
1540 3902 1942 4003 quamdam
2002 3903 2405 3981 mulierem
2432 3901 2815 3981 Helenam
2868 3897 3179 3979 nomine
3234 3898 3305 3975 se
3359 3914 3539 3974 cona

823 3985 1119 4108 ferreto,
1170 3994 1247 4073 in
1306 3998 1531 4101 ipsius
1581 4002 1860 4081 aedibus
1915 4002 2298 4081 Divinum
2353 4002 2752 4082 confilium
2808 4002 2946 4079 effe
2999 4046 3026 4096 ς
3099 4018 3183 4076 ut
3219 3997 3373 4075 'sub
3425 3995 3536 4071 in-

825 4110 1228 4207 vocatione
1282 4100 1725 4183 Sanstorum
1782 4104 2222 4205 Martyrum
2251 4105 2556 4185 Cosmae
2579 4104 2654 4187 8<
2677 4101 3044 4186 Damiani
3070 4096 3486 4200 Templum
3507 4145 3544 4191 2

825 4188 900 4272 81:
950 4194 1317 4308 adjectum
1375 4202 1447 4281 ei
1504 4202 2054 4285 Monasterium
2108 4205 2621 4309 erigerentur.

927 4293 1074 4374 His
1125 4303 1454 4402 acceptis
1511 4303 1820 4382 Matina
1874 4306 2087 4383 nulla
2139 4306 2572 4409 interposita
2624 4329 2834 4383 mora
2886 4301 2980 4381 ad
3075 4297 3358 4378 udaicae
3405 4296 3529 4408 In·

820 4389 1108 4501 aulam,
1161 4401 1483 4489 Donata
1532 4404 2005 4509 comitante,
2056 4407 2129 4490 se
2151 4407 2531 4507 contulit,
2582 4404 2844 4507 ibique
2865 4403 2956 4486 de
3065 4392 3522 4578 elenaebaedt-
3587 4427 3593 4433 ·

3343 4522 3438 4579 us

1600 4706 1635 4749 χ

1638 4754 1691 4827 XX
