3884 5342
1027 404 1189 485 268
1443 402 1593 485 DE
1658 402 2208 485 Ecctt-:sla
2276 397 2967 478 Panocmatt

897 602 952 648 „
1002 576 1234 631 mano
1288 572 1490 653 patre
1544 546 2046 630 construfiiam
2097 544 2588 625 dedicavit“.
2641 544 2761 623 Ex
2786 570 2939 646 quo
2962 560 3218 625 autem
3243 544 3561 627 authore

893 652 1475 732 consecrationis
1497 650 1977 744 memoriam,
1999 650 2071 727 8<
2097 647 2432 726 virorum
2460 648 2798 741 nomina,
2819 671 2984 747 quae
3005 674 3048 723 a
3073 647 3432 726 Dandulo
3453 647 3553 724 di·

890 754 1097 831 versa
1121 753 1371 832 statuit
1390 807 1416 847 ,
1440 753 1559 830 vir
1583 750 2118 830 laudatissimus
2137 748 2463 842 eruerit,
2485 748 2677 826 mihi
2704 746 3254 847 incompertum
3275 774 3300 842 ς
3326 746 3408 825 in
3433 749 3562 827 Ec·
3783 710 3786 845 l

891 853 1126 932 clesiae
1149 855 1357 932 enirn
1381 852 1699 932 archivo
1717 852 1923 930 nulla
1944 852 2034 929 de
2057 850 2617 929 consecratione
2643 848 2860 947 ipfius
2885 849 3185 926 traditio
3209 904 3234 945 ,
3257 848 3556 928 nullum

892 952 1215 1054 suppetit
1267 956 1807 1033 documentum
1838 974 2100 1054 praeter
2155 951 2842 1033 immemorabilem
2894 950 3565 1045 consuetudinem,

886 1077 1079 1149 qua,
1133 1054 1632 1132 anniversaria
1673 1053 2166 1135 dedicationis
2191 1052 2362 1129 festa
2385 1052 2590 1147 dies,
2632 1054 2814 1130 dum
2841 1049 3148 1151 antiqua
3175 1051 3394 1129 staret
3422 1051 3558 1131 Ec·

885 1154 1159 1249 clesia,
1206 1155 1297 1232 ad
1352 1155 1551 1231 diem
1583 1178 1788 1232 xxvt.
1822 1153 2091 1232 Martii
2145 1152 2296 1232 ritu
2349 1152 3086 1246 solemnicelebrari
3112 1153 3557 1232 consuetum
3785 1160 3786 1167 '

884 1275 1087 1331 erat.
1143 1257 1235 1332 In
1291 1255 1737 1333 Fundatoris
1792 1256 2146 1347 nomine,
2198 1255 2272 1332 8<
2327 1255 2558 1353 patria
2611 1253 3017 1353 discrepat,
3066 1253 3140 1330 8<
3192 1251 3559 1330 fundatio-
3783 1200 3788 1397 l

879 1352 1005 1431 nis
1054 1353 1412 1433 meritum
1466 1382 1507 1433 a
1563 1357 1954 1435 nonnullis
2006 1355 2487 1454 scriptoribus
2543 1355 2827 1433 Mauro
2878 1353 3248 1454 Episcopo
3300 1350 3565 1430 adscri-

880 1454 967 1530 bi
1018 1455 1258 1534 afferit
1314 1457 1654 1556 Angelus
1710 1456 1960 1535 Maria
2015 1447 2401 1551 Vene'tus,
2452 1454 2894 1535 Canonicus
2949 1454 3341 1554 Regularis
3384 1454 3560 1531 San·

880 1548 985 1630 ai
1036 1555 1445 1636 Salvatoris
1498 1558 1580 1636 in
1636 1557 1780 1635 suis
1832 1556 2344 1636 Collee’caneis
2396 1555 2488 1635 de
2541 1556 2929 1659 Episcopis
2980 1555 3052 1633 8<
3110 1553 3564 1634 patriarchis

769 1714 775 1723 .
880 1653 1203 1735 Venetis
1235 1712 1261 1752 ,
1334 1680 1556 1758 prout
1612 1656 1824 1735 affert
1874 1657 2194 1757 Ugbelli
2247 1656 2622 1738 corree'ior
2694 1658 2771 1735 in
2852 1655 2996 1760 suis
3048 1655 3564 1735 additionibus

854 1752 1052 1833 'loco
1104 1757 1380 1836 citato.
1437 1762 1489 1801 “
1543 1758 1863 1836 Maurus
1917 1759 2327 1860 Episcopus
2379 1759 2625 1837 sextus
2677 1758 3020 1835 Venetus
3075 1758 3387 1836 natione
3443 1781 3560 1834 na·

876 1868 933 1949 3,
983 1876 1102 1934 tus
1157 1857 1236 1933 in
1292 1856 1706 1953 Rivoalt0,
1758 1883 1850 1936 ex
1906 1861 2120 1936 Patre
2178 1860 2538 1938 Vieentio
2594 1858 2956 1937 Patavino
3009 1858 3190 1936 sedit
3247 1858 3329 1934 in
3388 1857 3560 1957 Epi-

874 2006 931 2048 „
980 1956 1285 2056 scopatu
1340 1983 1457 2035 an.
1500 1982 1569 2034 x.
1622 1983 1800 2038 cum
1854 1959 2215 2039 dimidio.
2268 1959 2516 2057 Cujus
2564 1980 2772 2059 pater
2827 1958 3233 2037 Ecclesiam
3259 1957 3559 2037 S.Mar·

873 2107 927 2150 2,
1029 2058 1232 2137 aritae
1287 2060 1561 2138 devote
1614 2057 2029 2139 construxit
2075 2118 2094 2136 .
2154 2060 2418 2161 Aliqui
2473 2082 2726 2139 tamen
2779 2080 3041 2138 tenent
3083 2113 3108 2153 ,
3160 2059 3367 2160 quod
3416 2058 3556 2160 ipse

868 2208 925 2251 „
1048 2157 1386 2237 eclesiam
1443 2160 1871 2260 praedistarn
1924 2161 2452 2257 aedificaverit,
2511 2188 2662 2240 non
2710 2160 2864 2257 ejus
2893 2162 3146 2238 Pater.
3202 2158 3382 2239 Fuit
3406 2185 3554 2238 om·

872 2310 924 2349 „
980 2256 1167 2335 nino
1223 2260 1586 2358 piissimus
1638 2282 1860 2361 atque
1914 2261 2404 2343 sanetiffimus
2447 2265 2500 2306 “
2542 2320 2560 2338 .
2640 2261 2975 2341 Authori
3028 2282 3287 2341 autern
3342 2258 3543 2338 mini-

721 2452 729 2467 ·
876 2379 999 2432 me
1050 2364 1451 2456 acc'urat0,
1504 2360 1715 2458 cujus
1768 2388 1957 2461 opus
2010 2363 2430 2443 innumeris
2483 2363 2862 2442 erroribus
2913 2362 3192 2459 scatet,
3243 2365 3318 2444 ὃς
3356 2361 3544 2441 fabu-

828 2454 1015 2569 llis,
1070 2460 1249 2538 dum
1298 2461 1588 2540 diversa
1631 2458 2057 2542 aDandulo
2098 2464 2402 2560 scribit,
2456 2465 2655 2542 nibil
2709 2462 3032 2542 omnino
3055 2467 3365 2558 censeo,
3415 2463 3549 2540 esse

864 2555 1393 2642 deferendum.
1450 2562 1681 2642 Addit
1739 2564 1863 2644 hic
1920 2566 2276 2644 Marinus
2327 2566 2653 2645 Sanutus
2707 2566 2790 2643 in
2840 2565 3281 2661 Chronico,
3333 2564 3544 2639 Mau-

860 2681 1085 2755 rum,
1135 2686 1539 2765 antequam
1595 2663 2025 2745 Olivolensi
2076 2666 2249 2745 Sedi
2305 2667 2854 2769 praeficeretur,
2907 2668 3296 2755 Paraeciarn
3351 2663 3550 2741 hane

865 2757 1292 2876 Plebanum
1344 2765 1919 2845 administrasse.
1978 2770 2338 2848 Veterem
2394 2768 2858 2862 Ecclefiam,
2907 2794 3134 2867 quam
3176 2794 3373 2846 anno
3406 2765 3553 2843 Ur-

867 2861 985 2937 b1s
1037 2865 1342 2943 circiter
1394 2893 1591 2946 cccc.
1647 2868 2033 2947 conditam
2091 2870 2396 2966 asserit,
2451 2870 2557 2948 ita
2609 2868 2964 2947 describit
3003 2870 3419 2949 Sabellicus
3471 2864 3553 2943 in

856 2958 995 3038 Iuo
1067 2963 1158 3042 de
1213 2964 1349 3044 situ
1403 2967 1637 3046 Urbis
1689 2971 2052 3068 opusculo
2089 3025 2115 3065 ,
2190 2972 2370 3049 dum
2429 2997 2558 3072 per
2609 2971 2929 3070 primam
3007 2971 3396 3071 regionem
3451 2965 3554 3044 di-

734 3108 753 3133 .
859 3059 1172 3142 scurrit:
1224 3065 1430 3144 Divi
1470 3070 1827 3148 Barnabae
1879 3064 2324 3174 vestibulum
2377 3070 2578 3149 ree‘la
2629 3070 2834 3149 ducit
2878 3062 3552 3170 adl'apideumpon·

860 3178 1011 3236 tem
1053 3192 1086 3239 .·
1138 3166 1329 3242 unde
1372 3190 1507 3263 per
1558 3164 1885 3267 obliquas
1940 3172 2255 3272 semitas
2310 3170 2418 3250 ad
2461 3171 2968 3271 margaritam
3025 3171 3390 3270 panditur
3419 3196 3552 3263 ,ις-

856 3258 1124 3359 ceffus,
1176 3264 1437 3343 Mauri
1491 3268 1868 3371 Antistitis
1942 3296 2108 3372 opus
2157 3303 2193 3374 ,·
2245 3272 2342 3354 (Τ
2395 3272 2630 3372 ipsum
2685 3271 3042 3351 miranda·
3092 3270 3494 3376 vetustatis
3527 3325 3554 3365 ,

855 3382 1106 3456 utpote
1160 3390 1355 3443 anno
1382 3368 1625 3480 ‘Urbis
1677 3368 1969 3475 circ'ffer
2020 3402 2217 3455 cccc.
2289 3373 2739 3455 conditum:
2797 3400 3017 3453 aurea
3087 3369 3208 3453 illi
3279 3368 3554 3477 testudo

746 3566 755 3579 „
853 3486 1021 3573 cunr
1065 3460 1427 3574 folumnts
1478 3493 1786 3570 quatuor
1826 3475 2178 3575 porfirit'ae
2230 3469 2503 3576 lapidis
2544 3507 2575 3554 .·
2632 3499 2762 3556 aut
2813 3498 3003 3554 certe
3046 3469 3169 3559 illi
3193 3498 3554 3577 perquam

835 3557 1185 3678 fimrltsq
1211 3575 1463 3683 vastus
1509 3573 1608 3650 ad
1647 3573 2031 3655 meridiem
2075 3577 2248 3656 inde
2273 3575 2655 3678 spatiatur
2697 3600 2991 3677 campus
3015 3601 3151 3677 per
3190 3604 3402 3678 quem
3461 3571 3554 3653 ad

854 3663 1304 3748 carmetttas
1358 3695 1544 3751 ttur.
1602 3676 1714 3753 Ea
1769 3703 1952 3757 vero
2010 3681 2350 3757 miranda
2376 3679 2745 3775 vetustas,
2797 3706 2942 3780 qua
2966 3681 3370 3781 conspicua
3393 3696 3550 3757 erat

848 3760 1233 3885 Ecclesia,
1284 3798 1459 3853 cum
1517 3776 1598 3854 in
1654 3777 1812 3855 dies
1868 3806 2070 3857 nova
2124 3782 2608 3859 contraheret
2664 3781 3145 3861 imminentis
3170 3782 3408 3860 ruinae
3431 3802 3546 3879 pe·

845 3866 1088 3981 ncula
1131 3921 1158 3965 ,
1210 3897 1289 3950 tn
1345 3878 1562 3991 causa
1618 3876 1761 3954 fuit
1808 3932 1834 3972 ,
1870 3882 1970 3957 'ut
2024 3907 2229 3960 anno
2288 3884 2736 3961 MDchvn.
2791 3882 3094 3983 piorum
3150 3902 3543 3982 corrogato

843 3986 988 4143 raerte
1063 3994 1145 4048 m
1216 3998 1685 4055 ornatiorem
1755 3975 2080 4060 formam
2137 4009 2180 4060 a
2234 3981 2746 4065 fundamentis
2802 3986 3134 4068 Ecclesia
3208 3985 3548 4066 restitue·

885 4089 923 4143 e
970 4092 1101 4146 ur.
3187 4092 3194 4101 ·

946 4169 1366 4285 Templum
1425 4179 1620 4257 saera
1678 4182 1903 4263 Divae
1931 4185 2276 4287 Virginis
2304 4186 2678 4271 Titularis
2732 4189 3046 4269 maxilla
3099 4191 3547 4278 decoratur,

764 4298 771 4317 ¹
842 4284 1003 4377 qua:
1058 4297 1140 4351 ιη
1194 4276 1517 4393 solemni
1572 4280 1793 4397 ipsiu-s
1845 4287 2182 4388 Virginis
2207 4291 2627 4384 Natalitia,
2680 4286 2808 4371 die
2855 4291 3268 4392 frequentis
3320 4312 3555 4395 popu·

836 4364 897 4443 h
953 4393 1441 4458 venerationi
1494 4405 1942 4482 exponitur:
2001 4408 2311 4469 ornatur
2361 4416 2665 4491 quoque
2720 4392 3015 4473 duobus
3069 4416 3303 4472 manu
3366 4390 3555 4466 Tin·

3301 4493 3457 4572 610-
