3884 5342
1000 393 1262 500 246·
1489 393 2950 471 Dr-:Monas‘rssnto

865 530 950 612 in
999 534 1170 614 aliis
1220 536 1542 638 Europae
1591 534 2015 615 Provinciis
2055 589 2082 630 ,
2135 555 2219 614 ut
2272 530 2407 634 ipst
2455 530 2685 613 etiam
2736 532 3052 613 fecimus
3105 533 3414 629 Romae,
3458 534 3538 615 Sc

864 631 949 712 in
1002 635 1170 716 aliis
1221 636 1704 734 civitatibuS,
1753 662 1838 716 ac
1892 636 2130 730 locis,
2181 631 2512 712 maxime
2566 658 2749 714 vero
2790 635 2880 715 de
2911 634 2992 712 Β.
3034 634 3321 732 Joanne
3370 635 3557 720 Ma:

864 733 1176 815 rinonio
1227 758 1536 838 propter
1583 737 1951 837 fingulare
2006 736 2508 832 beneficium,
2558 736 2759 835 quod
2798 738 2893 815 ab
2935 761 3028 815 eo
3066 735 3536 835 accepimus.

868 833 1074 913 Nam
1113 862 1332 915 anno
1397 846 1598 937 1638.
1653 839 1974 938 Neapoli
2024 836 2476 917 disoessimus
2527 838 2609 914 in
2662 841 2937 1015 cgmba
2978 838 3305 918 Romam
3364 837 3540 936 peti-

863 936 1220 1014 turicum
1241 938 1286 1015 d
1297 941 1532 1017 uobus
1553 940 1858 1019 Serafici
1875 939 2195 1019 Ordinis
2216 937 2603 1018 Fratribus
2623 994 2643 1016 .
2774 958 2981 1018 >torta
3023 960 3275 1016 autem
3301 960 3535 1037 prope

874 1035 1364 1117 Terracinam
1417 1039 1901 1140 tempestate,
1950 1064 2127 1120 cum
2181 1062 2446 1120 omnes
2494 1038 2577 1116 in
2626 1061 2973 1118 extremo
3025 1037 3199 1117 vitae
3252 1036 3539 1138 pericu,

870 1134 1374 1253 loeffemus,
1421 1139 1957 1222 invocantibus
2010 1142 2230 1222 nobis
2280 1141 2498 1238 Dei,
2549 1141 2632 1221 B.
2690 1139 2806 1219 M.
2864 1137 3202 1240 Virginis
3240 1194 3270 1236 ,
3303 1175 3309 1188 =
3339 1138 3542 1219 Sera»

868 1237 1079 1337 phict
1139 1240 1377 1323 Patris
1426 1241 1944 1340 S.Francisci‚
1998 1245 2069 1324 8<
2120 1243 2447 1325 alionum
2503 1243 2923 1324 multorum
2949 1238 3394 1323 Sanciorum
3416 1266 3541 1321 au-

870 1337 1197 1453 gilium,
1245 1344 1482 1424 adfuit
1529 1347 1659 1447 qui
1716 1349 1795 1425 B.
1836 1350 2206 1447 Joannem
2265 1343 2795 1442 Marinonium
2850 1345 3283 1438 invocavit,
3333 1343 3543 1442 cujus

872 1442 1288 1550 imaginem
1343 1444 1426 1525 in
1451 1447 1955 1542 numismate,
2009 1450 2132 1527 seu
2159 1449 2478 1527 medalia
2501 1447 2917 1547 sculptam,
2968 1447 3050 1526 B.
3083 1446 3353 1524 Mariae
3380 1446 3549 1546 Vir-

867 1541 1470 1657 ginis-coronae,
1515 1573 1741 1649 quam
1797 1551 2219 1645 recitabat,
2261 1571 2298 1625 a
2358 1551 2659 1650 pensam
2714 1548 3036 1628 habebat
3074 1573 3111 1642 ς
3156 1571 3307 1647 qua
3360 1569 3553 1625 voce

865 1643 1396 1757 emtffa„cum
1449 1673 1714 1728 omnes
1763 1652 2089 1729 eundem
2141 1651 2288 1729 San
2372 1677 2497 1729 um
2552 1651 2645 1730 ad
2694 1649 3116 1751 quemlibet
3172 1646 3547 1725 undarum

866 1741 1112 1821 ie'tum
1164 1746 1737 1858 invocaremus,
1794 1777 1951 1829 uno
2002 1777 2133 1831 ore
2184 1753 2561 1832 dicentes:
2616 1752 2698 1829 B.
2751 1752 3079 1850 Joannes
3131 1748 3549 1828 Marinone

863 1869 995 1921 ora
1049 1870 1186 1945 pro
1258 1850 1477 1928 nobis
1521 1877 1548 1942 ς
1619 1851 1945 1952 expolita
2000 1852 2247 1932 nautis
2288 1908 2314 1950 ,
2388 1851 2824 1953 caeterisque
2863 1906 2893 1948 ,
2964 1851 3095 1952 qui
3150 1848 3549 1928 nobiscum

865 1966 1126 2039 erant,
1182 1945 1401 2048 hujus
1453 1949 1704 2030 Sancti
1761 1953 2044 2032 virtute
2084 2007 2113 2050 ,
2166 1975 2247 2033 ut
2301 1954 2458 2053 ejus
2508 1952 2883 2032 auxilium
2939 1949 3358 2030 ferventius
3412 1949 3546 2026 im-

864 2043 1296 2143 plorarent,
1350 2076 1619 2152 magna
1673 2079 1811 2132 nos
1863 2054 2137 2134 fiducia
2174 2055 2555 2134 numisma
2595 2053 2787 2132 illud
2812 2053 3031 2132 undis
3055 2049 3549 2152 projecimus,

860 2168 1443 2260 manutenentes
1491 2178 1907 2249 coronam,
1961 2155 2042 2234 in
2095 2180 2243 2256 qua
2294 2178 2452 2236 erat
2507 2155 2957 2255 alligatum,
3006 2179 3102 2233 ne
3130 2151 3551 2249 hujusSan»

865 2243 966 2322 ἂι
1022 2248 1338 2348 pignus,
1392 2253 1469 2330 in
1524 2280 1680 2355 quo
1734 2254 1975 2332 nostra
2031 2257 2223 2336 salus
2272 2255 2726 2338 fundabatur
2761 2309 2793 2352 ,
2861 2254 3342 2334 amitteretur
3381 2309 3402 2328 .
3474 2253 3552 2330 O

862 2369 1030 2458 fem
1081 2350 1511 2431 mirabilem
1565 2364 1583 2434 !
1657 2356 1778 2432 Ad
1830 2355 1989 2453 ejus
2037 2356 2475 2436 contafi'tum
2545 2357 2790 2435 sedata
2840 2356 3061 2435 illico
3112 2349 3553 2454 tempestate

860 2448 1289 2531 incolumes
1311 2453 1804 2536 Terracinam
1858 2457 2334 2557 appulimus,
2386 2458 2518 2537 ubi
2573 2458 2653 2536 in
2703 2457 3119 2559 gratiarum
3166 2454 3549 2534 aetionem

863 2569 1008 2627 nos
1045 2604 1080 2646 ,
1143 2551 1218 2629 ἃ
1269 2553 1426 2632 duo
1495 2555 1614 2635 illi
1687 2581 1784 2637 ex
1835 2558 2319 2638 Nostratibus
2387 2559 2821 2639 Sacerdotes
2861 2614 2892 2655 ,
2959 2558 3093 2660 qui
3146 2554 3541 2667 nobiscum

861 2670 1079 2729 erant
1114 2703 1146 2747 ,
1196 2653 1448 2734 triduo
1499 2656 1589 2736 de
1646 2658 2096 2738 Marinonio
2149 2662 2433 2740 sacrum
2487 2659 2806 2740 fecimus
2845 2714 2875 2757 ,
2923 2658 3200 2740 caeteris
3248 2654 3332 2733 in
3379 2677 3555 2751 ejus

861 2747 1234 2831 honorem
1286 2756 1575 2835 Christi
1620 2761 1953 2861 Corpori
2004 2761 2799 2856 communicantibus,
2846 2761 3050 2861 quod
3094 2755 3557 2837 miraculum

859 2875 1039 2968 cum
1095 2855 1360 2936 Roma:
1411 2860 1912 2941 retuliffemus
1988 2863 2333 2942 duobus·
2352 2889 2500 2966 prae
2552 2862 2840 2945 caeteris
2894 2859 3157 2940 nostris
3208 2852 3560 2935 amiciffi-

856 2975 1006 3032 mis
1053 3009 1092 3050 ,-
1151 2980 1423 3060 nempe
1479 2961 1846 3041 Illustriss.
1901 2962 2005 3040 D.
2052 2966 2151 3040 D.
2207 2965 2608 3043 Francisco
2661 2961 2914 3063 Ingoli
2954 3016 2983 3058 ,
3054 2957 3559 3040 Sacrae-Con-

855 3071 1062 3169 greg.
1113 3057 1209 3136 de
1262 3060 1575 3161 Propag.
1629 3062 1813 3139 Fide
1865 3064 2333 3161 Secretario,
2384 3090 2563 3145 cum
2616 3089 2773 3165 quo
2821 3059 3338 3143 converfionis
3378 3055 3558 3136 Infi-

857 3154 1147 3232 deltum
1201 3161 1508 3259 negotia
1547 3215 1577 3255 ,
1645 3185 1868 3262 atque
1925 3164 2121 3245 hanc
2172 3167 2265 3246 ad
2318 3167 2610 3245 Indiam
2667 3161 3360 3266 peregrinationem
3410 3178 3555 3274 tra·

860 3249 1292 3337 stabamus:
1344 3261 1418 3338 8<
1473 3262 1898 3363 Magnifico
1949 3267 2333 3346 Sacerdoti
2373 3270 2474 3345 D.
2503 3268 2736 3346 Paulo
2765 3267 3225 3345 Montanaro
3287 3280 3565 3373 utrius:

860 3374 1008 3468 que
1059 3357 1259 3455 Juris
1284 3360 1650 3459 Dociori,
1704 3364 1837 3466 ipfi
1883 3368 2036 3446 alia
2089 3370 2311 3449 nobis
2334 3367 2898 3447 manifestavere
2948 3365 3278 3465 ejusdem
3303 3357 3565 3439 Saneh

858 3459 1266 3571 miracula.
1323 3462 1528 3542 Nam
1580 3466 1845 3545 retulit
1898 3469 2199 3569 Ingoli,
2250 3469 2699 3549 fe'laterum
2752 3469 3018 3547 dolore
3068 3482 3561 3574 correptum,

854 3551 938 3669 89
980 3582 1064 3635 in
1118 3560 1396 3640 ultimo
1448 3565 1626 3644 vitat
1673 3567 2108 3648 discrimine
2158 3568 2655 3650 constitutum
2697 3625 2727 3665 ,
2777 3570 3152 3670 desperata
3200 3590 3246 3642 a
3301 3562 3559 3676 Medi·

856 3677 972 3769 cis
1018 3657 1303 3764 salute,
1349 3689 1527 3744 cum
1582 3666 1953 3749 incidiffet
2001 3672 2277 3750 natalis
2341 3672 2500 3751 dies
2552 3672 2635 3749 Β.
2686 3670 2995 3771 Ioannis
3050 3665 3477 3748 Marinonu
3525 3710 3573 3775 ,⁹

857 3779 942 3869 ιι)
992 3783 1222 3858 quem
1276 3767 1636 3865 peculiari
1693 3770 1983 3865 studio,
2032 3797 2123 3850 ac
2174 3772 2455 3873 pietate
2507 3770 2930 3865 ferebatur,
2982 3770 3288 3849 admota
3331 3766 3559 3843 laten

854 3877 1020 3976 ηυξ
1069 3885 1348 3964 papyra
1417 3867 1758 3969 impress'a
1807 3870 2151 3972 imagine
2182 3927 2210 3967 ,
2281 3898 2513 3973 quam
2587 3872 2672 3953 in
2723 3869 3117 3952 Breviario
3168 3867 3464 3979 tenebat
3520 3913 3563 3955 ,

857 3960 1122 4072 egnisse
1170 3966 1378 4064 prius
1426 3990 1614 4046 voto
1664 3994 2052 4072 nunquam
2107 3973 2667 4054 intermittendi
2723 3975 2939 4053 usum
2961 3974 3252 4052 sacrum
3275 3967 3568 4078 facieq-

855 4056 934 4172 d!
987 4062 1082 4140 de
1131 4089 1226 4144 eo
1274 4066 1586 4168 fingulis
1633 4072 1854 4151 annis
1904 4073 2066 4173 post
2114 4075 2187 4152 S.
2212 4074 2469 4155 Luciae
2514 4075 2833 4173 festum,
2866 4078 2970 4154 ‘ac
3022 4075 3181 4172 ejus
3231 4086 3573 4172 pervlgt-

853 4157 1052 4241 hum
1092 4164 1529 4283 Jejunandi,
1583 4171 1830 4250 statim
1881 4174 2395 4271 convaluisse,
2448 4177 2638 4255 adeo
2691 4197 2776 4255 ut
2831 4174 3165 4277 potuerit
3218 4190 3403 4249 mox
3457 4165 3570 4244 se·

852 4285 1116 4360 quenti
1169 4268 1292 4346 die
1346 4271 1426 4349 in
1480 4270 1812 4352 Ecclesia
1863 4275 1934 4353 S.
1981 4277 2302 4355 Andreae
2345 4302 2388 4352 a
2431 4277 2659 4357 Valle
2701 4333 2729 4374 ,
2780 4278 2875 4355 de
2928 4302 3020 4356 eo
3079 4271 3393 4354 Miss'am
3447 4288 3577 4344 ce-

854 4362 1144 4447 lebrare
1185 4425 1213 4445 .
1283 4372 1798 4454 Montanarus
1847 4398 2055 4455 vero
2101 4369 2547 4458 affirmavi(
2585 4379 2661 4458 se
2712 4378 3056 4460 febribus
3122 4373 3323 4554 mage
3393 4365 3591 4447 affe-

3294 4496 3489 4566 um,
