3884 5342
1003 446 1179 528 234
1482 411 2934 548 DnMoNAsss‘rssato

908 613 916 622 ·
1001 571 1212 648 Cum
1267 588 1309 643 e
1362 557 1699 661 suggestu
1753 560 1844 637 ad
1886 561 2263 664 populum
2318 564 2547 643 verba
2597 561 2870 642 faceret
2907 611 2934 654 ,
3009 577 3165 634 non
3217 550 3568 631 Marino-

885 695 1120 765 num,
1173 625 1320 745 sed]
1352 666 1666 744 Paulum
1721 661 2099 758 crederes3
2151 663 2521 766 illumque
2575 664 2758 778 saepe
2817 657 3393 739 Praedicatorurn
3420 655 3567 764 Or·

877 771 1084 851 dinis
1118 770 1407 847 Fratres
1457 762 2042 842 concionantem
2095 764 2530 863 audientes,
2580 764 2879 866 spiritus
2931 757 3207 861 pariter
3257 780 3343 832 ac
3367 756 3572 853 Apo-

883 870 1160 952 stolicae
1233 863 1680 967 eloquentiae
1753 862 2011 944 mirati
2061 864 2486 962 fervorem,
2535 863 3154 947 concionatorem
3228 852 3575 934 sanctum

879 973 1028 1051 esse
1063 1023 1093 1066 ,
1143 967 1561 1066 Sancteque
1613 963 2194 1048 Dominico·in
2244 966 2774 1048 concionando
2820 963 3044 1043 ¹valde
3098 957 3420 1038 similem
3477 951 3577 1032 af·

885 1072 1281 1151 firmarunt
1319 1125 1339 1146 .
1395 1071 1485 1145 ln
1542 1065 1997 1145 Tridentina
2049 1069 2358 1168 Synodo
2411 1093 2589 1149 cum
2643 1069 2735 1147 de
2787 1063 3419 1147 concionatorum
3468 1079 3575 1136 re·

885 1171 1342 1250 formatione
1395 1187 1788 1266 ageretur,
1841 1167 2049 1249 illius
2101 1170 2285 1249 sacri
2334 1171 2703 1251 consessus
2758 1170 3009 1247 Patres
3050 1157 3577 1263 Apostolicum

883 1296 1065 1354 eum
1116 1271 1259 1352 etse
1311 1268 1932 1350 concionatorem
2002 1271 2361 1351 afferuere
2403 1330 2423 1349 .
2498 1272 2889 1350 Interdum
2944 1266 3026 1347 in
3079 1265 3239 1362 ejus
3288 1280 3514 1360 caput
3548 1311 3576 1353 ,
3680 1325 3691 1336 ,
3814 1243 3815 1252 ¹

887 1399 1065 1454 cum
1122 1374 1214 1452 ad
1249 1370 1715 1451 concionem
1768 1369 2113 1467 diceret,
2150 1372 2305 1451 visa
2358 1372 2460 1451 est
2512 1373 2665 1452 labi
2719 1396 2761 1451 e
2816 1367 3015 1451 'coelo
3122 1362 3270 1448 uasi
3317 1361 3578 1459 lingua

893 1476 1165 1575 ignea,
1211 1497 1378 1573 quae
1432 1469 1752 1570 Spiritus
1801 1471 2054 1553 Sancti
2109 1474 2489 1554 indicabat
2540 1473 2880 1556 afflatum
2906 1467 3078 1570 Apo
3140 1466 3448 1554 olorum
3495 1457 3579 1539 st-

885 1575 1200 1654 milem.
1254 1572 1735 1673 Quandoque
1792 1591 1974 1653 vcro
2023 1574 2225 1655 circa
2276 1575 2500 1655 illurn
2553 1572 2915 1669 candida,
2967 1591 3192 1671 atque
3237 1561 3580 1676 pulcher:

885 1678 1084 1758 rima
1140 1673 1512 1754 volitabat
1563 1673 1925 1756 columba
1961 1729 1988 1769 ,
2036 1701 2265 1776 quarn
2316 1701 2590 1756 omnes
2646 1675 3027 1754 Divinum
3081 1667 3449 1771 Spiritum
3508 1686 3584 1743 ei

896 1776 1211 1858 dicenda
1263 1777 1791 1876 suggerentem
1859 1778 1999 1853 effe
2054 1777 2807 1879 interpretabantur:
2883 1795 3200 1873 tumque
3250 1767 3380 1848 vel
3432 1788 3585 1842 ma-

895 1879 1101 1956 xime
1158 1878 1387 1954 verba
1440 1873 1862 1975 proferebat
1905 1931 1932 1972 ,
2004 1875 2111 1968 ita
2166 1878 2410 1958 divini
2482 1877 2765 1974 amoris
2818 1875 2995 1977 igne
3051 1869 3353 1953 accensa
3391 1919 3417 1960 ‚
3496 1882 3588 1940 ut

897 1978 1248 2058 omnium
1303 1976 1600 2058 animos
1647 1976 1739 2056 ad
1765 1978 2025 2058 Deum
2076 1978 2295 2081 super
2345 1981 2609 2060 omnia
2659 1977 3133 2080 diligendum
3176 1972 3621 2068 vehemen-⁸

900 2080 1051 2159 tius
1105 2078 1653 2157 inflammaret.
2810 2111 2831 2141 ·
3542 2133 3567 2182 ο,

759 2265 772 2270 ,
821 2235 830 2240 -
999 2182 1213 2262 Cum
1265 2179 1496 2259 semel
1547 2177 1637 2258 ad
1695 2177 2084 2261 Moniales
2155 2182 2738 2264 concionaretur
2808 2181 2901 2261 de
2948 2177 3265 2260 Christo
3315 2173 3591 2282 Domi·

897 2308 1007 2362 no
1060 2280 1156 2362 ad
1206 2280 1444 2360 coelos
1491 2280 1988 2379 ascendente,
2042 2281 2123 2362 in
2174 2284 2647 2364 Ascenfionis
2698 2284 2855 2363 e'us
2904 2280 3088 2362 festo
3136 2278 3259 2358 die
3308 2298 3409 2353 eo
3462 2271 3593 2379 sp!-

903 2382 1096 2493 ritus
1149 2379 1441 2492 feryore
1496 2380 1630 2458 illa
1688 2384 1913 2462 verba
1937 2384 2337 2486 expendit:
2392 2383 2551 2462 Vm·
2596 2395 2716 2464 Ga
2749 2380 2898 2464 ilai
2943 2377 3127 2484 quid
3165 2371 3387 2484 statis
3412 2373 3598 2473 aspr-

885 2481 1207 2584 scaeentes
1260 2506 1341 2558 m
1391 2473 1658 2595 ecclam
1702 2487 1727 2561 ἓ
1781 2503 1864 2561 ut
1894 2484 2335 2598 ‘comitandi
2392 2487 2789 2566 Christum
2842 2481 3259 2601 cupiditate
3333 2477 3606 2554 incen-

902 2585 1022 2663 sus
1062 2638 1089 2678 ,
1142 2585 1238 2698 ab
1289 2584 1648 2697 omnibus
1687 2637 1713 2678 ,
1841 2609 1919 2661 ut
1970 2586 2281 2665 aderant
2321 2642 2348 2683 ,
2418 2587 2620 2667 visus
2670 2587 2896 2668 fuerit
2952 2611 3033 2665 tn
3087 2606 3251 2662 aere
3300 2594 3607 2672 magno

903 2705 1268 2785 temporis
1321 2684 1729 2763 intervallo
1817 2685 2165 2789 uspensus
2203 2743 2234 2784 ,
2304 2713 2433 2768 eos
2484 2688 2763 2789 pariter
2812 2686 3219 2766 adhortans
3268 2699 3356 2760 ut
3406 2670 3606 2754 defi-

849 2847 860 2858 .
901 2786 1116 2866 derio
1166 2784 1429 2901 saltem
1479 2783 1893 2865 discedenti
1943 2788 2319 2869 Salvatori
2368 2790 2694 2886 comites
2744 2790 2819 2871 se
2871 2787 3363 2887 adjungerent
3405 2832 3434 2875 ‚
3487 2771 3603 2853 ad

903 2883 1238 3003 coelestia
1291 2888 1550 2982 bona„
1592 2901 1856 2988 utpo‘te
1903 2911 2185 2971 aeterna
2234 2890 2742 2994 adspirarent,
2794 2911 3285 2989 terrenaque,
3338 2895 3605 2981 utpote

912 2992 1130 3068 brevi
1181 2986 1536 3067 duratura
1589 2988 1792 3089 negli
1851 3011 2110 3071 erent.
2162 2992 2290 3074 Sic
2338 2994 2579 3074 ctiam
2633 3018 2793 3072 non
2844 3015 3013 3071 raro
3067 2987 3148 3067 in
3173 3009 3343 3064 aera
3364 2978 3605 3060 subla-

909 3108 1032 3182 tus
1083 3087 1469 3183 est„dum
1524 3091 1754 3167 verba
1835 3090 2084 3171 aciens
2136 3093 2763 3195 Augustiffimum
2812 3092 2948 3191 (ut
2987 3089 3105 3170 illi
3159 3109 3328 3166 mos
3374 3075 3591 3193 erat)

909 3187 1350 3306 praeferebat
1400 3189 1753 3306 manibus
1801 3191 2291 3273 Eucharistiae
2346 3196 2919 3276 Sacramentum
2961 3246 2988 3289 ,
3040 3213 3139 3293 po
3196 3188 3379 3280 ulo,
3426 3178 3602 3295 rel}-

893 3291 1280 3471 'gtfifisque
1332 3290 1482 3370 suis
1535 3290 2121 3374 solemnioribus
2170 3295 2439 3378 diebus
2490 3296 2791 3379 coeleste
2832 3293 3030 3376 illud
3070 3317 3162 3394 pa
3219 3291 3436 3369 ulum
3461 3304 3603 3362 mt-

912 3418 996 3472 ni
1063 3411 1393 3471 raturus-⁰
2018 3443 2023 3452 -
2426 3459 2433 3466 .

1015 3490 1245 3571 Haud
1298 3490 1633 3574 diffimili
1684 3496 1732 3574 s
1769 3496 1987 3578 iritus
2037 3498 2300 3581 ardore
2354 3499 2759 3588 haereticos'
2803 3496 3205 3579 infestatus
3226 3490 3380 3587 est,
3431 3483 3609 3564 Val-

911 3593 1196 3678 defium
1249 3593 1653 3695 prasertim
1794 3598 2323 3702 aerefiarchatn„
2435 3603 2569 3705 qui
2642 3601 3064 3682 fimulatam
3140 3591 3607 3676 sanctitatem

919 3693 1396 3813 praeseferens
1440 3698 1772 3799 Neapoli
1826 3656 2695 3803 populums'setiuceb'n
2744 3700 3419 3797 diffie-minabatque
3442 3713 3608 3793 pro·

916 3821 1094 3898 prtae
1142 3795 1502 3877 doc'trtnae
1551 3820 1822 3880 contra
1873 3802 2338 3886 catholicam
2390 3805 2538 3884 fide
2672 3805 2850 3885 falsa
2900 3805 3298 3906 dogmata.
3354 3789 3610 3903 Dolus

800 3997 808 4004 ²
916 3900 1284 4000 Joannem
1341 3924 1494 3979 non
1545 3900 1814 4015 latuit.
1869 3905 2131 4005 Quare
2178 3905 2502 3985 Valdefii
2557 3906 3177 4010 improbitatem,
3230 3926 3316 3982 ac
3341 3889 3613 3976 doun·

918 4023 1098 4080 narn
1150 4021 1357 4080 tanta
1407 4024 1587 4080 cum
1639 4001 2043 4101 libertate,
2095 4031 2182 4086 ac
2234 4006 2498 4110 spiritu
2659 4010 2948 4110 iurgare
3002 4003 3237 4107 coepit
3277 4056 3308 4097 ,
3358 4023 3445 4079 ac
3499 4015 3613 4074 re·

918 4102 1237 4181 tundere
1288 4156 1340 4215 ⁹.
1367 4121 1453 4181 ut
1499 4101 1843 4218 coegerit
1894 4129 2073 4184 eum
2130 4109 2441 4211 publico
2494 4109 2676 4191 absti
2741 4136 2862 4192 ere
2904 4164 2931 4209 ,
2983 4134 3070 4190 ac
3123 4104 3431 4186 tandem
3488 4117 3615 4173 au-

914 4203 1222 4304 fugere,
1275 4227 1433 4301 ejus
1477 4202 1794 4285 detectis
1843 4209 2273 4309 erroribus,
2323 4237 2409 4294 ac
2464 4205 2883 4315 hypocrifi.
2939 4211 3062 4290 Ad
3113 4195 3616 4287 Catholicam

917 4304 1168 4407 postea
1219 4302 1448 4382 fidem
1498 4306 1799 4386 reduxit
1851 4335 2168 4410 omnes,
2216 4311 2354 4415 qui
2405 4316 2672 4394 eodem
2734 4311 3081 4393 Valdefio
3105 4304 3480 4408 Magistro
3523 4295 3621 4376 ab

921 4431 1012 4485 ea
1062 4403 1525 4487 defecerant.
1580 4410 1673 4489 In
1725 4407 2168 4494 infidelibus
2218 4413 2759 4568 convertendis
2809 4416 2903 4496 ad
2952 4402 3623 4581 fidemtotufzfuit.

3450 4527 3544 4581 e„
