3884 5342
1039 463 1205 546 240
1569 432 1759 516 DE
1882 425 2956 516 Mourisa-earo

893 589 1044 688 qui
1093 607 1359 666 ornnes
1411 609 1568 665 uno
1617 608 1749 662 ore
1799 580 2270 662 affirmarunt
2323 580 2581 663 vidiss'e
2648 577 3167 659 sanffiffimam
3216 574 3381 673 ejus
3430 569 3588 652 ani:-
3692 663 3703 674 ,
3818 645 3819 670 Ν

905 701 1115 770 marn
1172 684 1592 765 innumeris
1666 682 2006 784 stipatam
2060 682 2377 783 Angelis
2454 685 2548 762 ad
2598 680 3083 782 Seraphicam
3132 676 3402 757 Sedem
3479 675 3587 753 ob

907 789 1280 870 eximium
1335 809 1509 885 erga
1534 785 1789 863 Deum
1843 807 2180 863 amorem
2233 784 2579 865 avolare.

1017 891 1236 966 Plura
1291 888 1440 965 alia
1489 886 1582 964 de
1637 884 1854 1002 hnjus
1877 883 2130 964 Saneti
2184 885 2653 964 beatitudine
2704 882 2928 963 refert
2980 875 3409 992 testimonia
3430 875 3587 991 Ca·

911 989 1184 1067 staldus
1258 987 1338 1065 in
1407 986 1564 1083 ejus
1615 985 1776 1063 vita¹
1808 1039 1836 1083 ,
1906 1009 2045 1065 nec
2100 1009 2257 1066 non
2310 986 2723 1088 Episcopus
2773 984 3227 1064 Casertanus
3298 979 3448 1058 suis
3500 999 3589 1058 ιιι

907 1086 1437 1189 manuscriptis
1489 1085 1815 1166 aeribus:
1870 1111 2110 1164 unum
2167 1107 2466 1167 tantum
2521 1087 2832 1166 referam
2861 1082 3218 1165 brevitati
3241 1080 3586 1197 studens·

910 1192 1004 1269 In
1059 1193 1415 1270 morbum
1467 1187 1736 1286 incidit
1789 1186 2151 1284 foemina,
2203 1213 2367 1290 quae
2418 1189 2730 1289 Joannis
2780 1186 3247 1265 sanctitatem
3300 1202 3590 1282 impen-

903 1291 982 1370 se
1031 1293 1372 1371 coluerat
1413 1305 1455 1384 ’ς
1525 1314 1852 1390 cumque
1905 1290 2203 1367 summo
2257 1291 2335 1368 in
2390 1292 2565 1369 vitae
2617 1288 3047 1369 discrimine
3105 1283 3519 1365 versaretur
3561 1333 3590 1374 ‚

911 1417 1067 1470 non
1122 1391 1254 1470 nifi
1305 1393 1400 1469 ab
1453 1415 1546 1469 eo
1599 1389 2018 1469 remedium
2094 1389 2226 1470 fibi
2301 1391 2816 1470 adhibendum
2870 1387 3189 1471 credidit
3234 1440 3257 1462 .
3412 1403 3593 1459 uate

771 1545 780 1548 -
907 1491 1303 1573 sanitatem
1356 1493 1452 1570 ab
1503 1516 1597 1570 eo
1649 1491 1961 1570 summis
2015 1492 2367 1592 precibus
2413 1490 2863 1595 postulavit,
2917 1513 3102 1569 voto
3157 1488 3233 1567 se
3283 1511 3326 1564 a
3440 1482 3593 1560 rin-

908 1618 1092 1694 gens
1144 1595 1236 1672 ad
1267 1593 1510 1671 -illum
1588 1615 1951 1707 perpetuo
2002 1594 2409 1672 colendum
2448 1652 2467 1672 .
2541 1596 2692 1672 Res
2744 1613 2869 1671 ex·
2906 1589 3146 1670 animi
3217 1580 3594 1666 sententia

908 1694 1186 1773 cecidit
1226 1749 1253 1789 ‚
1329 1719 1500 1770 nam
1557 1693 1862 1772 mulieri
1916 1695 2257 1795 apparuit
2333 1694 2567 1794 pallio
2619 1694 2936 1772 amictus
2991 1686 3515 1798 pretiosissimo
3560 1735 3592 1783 ‚

908 1796 1230 1893 gemmis·
1285 1793 1614 1894 liliisque
1667 1821 1751 1874 ac
1808 1793 1982 1872 tofis
2036 1798 2445 1875 intertexto
2487 1851 2514 1891 ,
2568 1813 2942 1897 aureoque
2998 1789 3394 1892 infignitus
3444 1789 3599 1864 dra·

905 1897 1242 1974 demate.
1301 1897 1522 1974 Illam
1575 1894 1950 1995 imprimis
2003 1892 2307 1974 edocuit
2362 1897 2619 1997 gloriae
2676 1899 2817 1977 suae
2872 1891 3370 1997 praestantiam
3417 1942 3447 1984 ,
3492 1909 3593 1996 eo

911 1996 1145 2097 pallio
1218 1994 1424 2074 fuisse
1477 2022 1519 2071 a
1573 1995 1902 2094 Deipara
1955 1995 2415 2075 Sanc'tiffima
2487 1999 2920 2078 decoratum
2967 2052 2992 2094 ,
3064 2012 3495 2093 coronaque
3544 1999 3593 2065 a

912 2095 1227 2175 Christo
1254 2096 1599 2174 Domino
1651 2095 2137 2196 insignitum.
2192 2101 2527 2178 Omnem
2550 2100 2823 2179 deinde
2874 2101 2970 2178 ab
3012 2123 3119 2175 ea-
3144 2096 3594 2196 languorem

907 2197 1198 2298 depulit
1241 2253 1268 2293 ,
1318 2223 1402 2277 ac
1458 2195 1780 2378 pristina:
1832 2197 2154 2276 restituit
2209 2199 2553 2297 sanitati,
2604 2203 2938 2302 adeoque
2989 2196 3275 2315 postera
3326 2192 3451 2272 die
3498 2189 3597 2268 ad

901 2297 1114 2377 illius
1150 2299 1454 2475 l,sepulc
1515 2323 1687 2377 rum
1759 2322 1895 2400 pro
1968 2298 2255 2380 collato
2352 2299 2727 2382 beneficio
2819 2320 3097 2404 gratias
3184 2293 3445 2376 aetura
3514 2289 3589 2370 se

909 2420 1145 2478 contu
1185 2419 1283 2476 it.
3056 2443 3063 2456 ·

897 2531 910 2538 ·
1011 2500 1418 2580 Numerari
1475 2501 1611 2579 vix
1662 2502 1960 2604 possunt
2014 2502 2429 2601 miracula,
2478 2504 2755 2606 quibus
2807 2503 2883 2583 8<
2935 2501 3251 2595 vivens,
3302 2497 3376 2575 8<
3424 2487 3596 2606 pqst

907 2602 1209 2680 obitum
1263 2603 1540 2682 claruit
1585 2661 1603 2680 .
1660 2607 2055 2704 Peregerat
2111 2606 2338 2684 semel
2390 2632 2550 2686 rem
2611 2605 2984 2685 Divinam
3025 2657 3054 2703 ‚
3126 2622 3293 2682 cum
3348 2594 3440 2709 ad
3497 2591 3599 2667 11·

909 2700 1057 2782 lius
1205 2705 1330 2785 des
1383 2704 1971 2786 sacerdotalibus
2022 2707 2271 2788 adhuc
2322 2707 2605 2786 indutis
2661 2706 2987 2786 vestibus
3052 2704 3289 2783 homo
3327 2695 3595 2776 filium

908 2803 1104 2881 advo
1143 2803 1251 2884 vit
1300 2829 1348 2883 a
1401 2805 1802 2886 nativitate
1853 2831 2156 2887 coecum
2203 2866 2223 2887 .
2276 2805 2542 2887 Fidem
2593 2805 2780 2885 habe
2819 2862 2846 2905 ,
2899 2805 3146 2906 inquit
3200 2805 3544 2906 Ioannes·
3576 2842 3609 2887 ‚

907 2912 1157 3000 Nuper
1205 2901 1406 2982 enim
1456 2903 1571 2986 his
1620 2904 1881 3007 digitis
1932 2905 2205 3010 christi
2255 2931 2499 3008 corpus
2553 2905 2632 2985 in
2674 2903 2930 2987 Altari
2981 2902 3200 3003 tetigi
3247 2892 3608 3012 sacraris:

899 2999 1213 3105 fimum.
1269 3008 1418 3085 Res
1471 3006 1706 3087 mira!
1760 3008 1974 3110 super
2020 3009 2214 3091 coeci
2268 3012 2533 3091 oculos
2572 3008 2864 3110 fignum
2887 3006 3167 3088 Crucis
3189 3002 3601 3106 produxit,

913 3103 1311 3206 statimque
1380 3131 1637 3186 coecus
1691 3107 1933 3187 visum
2013 3110 2294 3212 recepit
2338 3168 2357 3189 .
2432 3109 2702 3191 Alium
2755 3110 2988 3191 etiam
3043 3104 3326 3187 Crucis
3392 3100 3604 3199 figno

909 3203 1430 3302 illuminavit,
1481 3206 1613 3307 qui
1666 3208 2175 3291 ardentiffima
2223 3233 2611 3315 correptus
2662 3211 2852 3292 febri
2906 3210 3151 3289 visum
3207 3202 3603 3287 amiserat.
3650 3267 3693 3311 -‘

912 3306 1239 3383 Puerum
1283 3306 1530 3408 *trium
1583 3333 1959 3389 annorum
2014 3312 2407 3393 revocavit
2457 3314 2550 3392 ad
2605 3313 2843 3392 vitam
2872 3311 3146 3391 Matris
3200 3304 3654 3414 precibus(

783 3455 806 3466 .,
904 3429 995 3496 ac
1048 3405 1462 3506 lachrymis
1515 3410 1924 3492 adductus:
1967 3413 2463 3514 Septennium
2521 3437 2706 3495 vero
2756 3441 2914 3495 non
2967 3411 3368 3494 evasurum
3409 3458 3435 3498 ,
3488 3425 3594 3480 el·

905 3507 1081 3585 dem
1137 3507 1379 3588 Matri
1435 3511 1774 3612 praedixit
1826 3512 2131 3611 dicem,
2184 3541 2485 3617 aequum
2540 3541 2695 3595 non
2747 3517 2887 3596 effe
2929 3569 2955 3612 ,
3010 3536 3095 3593 ut
3146 3513 3237 3590 ad
3294 3526 3599 3616 aetatem

907 3606 1260 3688 deveniat
1282 3663 1319 3725 ,·
1361 3610 1440 3689 in
1492 3638 1638 3714 qua
1691 3616 1954 3694 Deum
2009 3615 2225 3717 possit
2278 3616 2660 3697 offendere
2713 3644 2870 3696 non
2923 3614 3078 3698 fine
3119 3635 3394 3712 magna
3434 3627 3599 3684 anr-

907 3733 1051 3788 mae
1102 3710 1247 3825 suae
1301 3710 1576 3827 jactura
1628 3743 1646 3792 :
1700 3714 2138 3818 dierumque
2190 3717 2958 3820 probavit'eventus.

1027 3810 1186 3926 Ubi
1240 3836 1573 3913 primurn
1627 3816 1952 3913 Ioannes
2029 3817 2365 3897 animam
2441 3818 2733 3902 efflavit
2773 3875 2802 3917 ,
2874 3818 2985 3897 sui
3040 3816 3256 3897 illico
3311 3813 3598 3893 secreto

904 3908 1415 4010 sepeliendum
1486 3935 1842 3993 curarunt
1913 3916 2009 3994 ad
2079 3917 2474 4000 vitandum
2555 3922 2791 4000 totius
2840 3919 3212 3999 Civitatis
3282 3918 3603 4025 concur·

902 4010 1116 4108 sum,
1170 4015 1444 4110 veriti,
1497 4038 1594 4092 ne
1646 4013 1982 4094 sanetum
2037 4041 2309 4121 corpus
2359 4020 2666 4123 aliquod
2716 4022 2896 4100 inde
2952 4040 3331 4123 pateretur
3371 4015 3605 4093 detrt·

904 4129 1304 4208 mentum‚
1355 4139 1532 4192 cum
1587 4139 1852 4196 omnes
1903 4117 2117 4200 illius
2170 4120 2529 4223 reliquias
2581 4122 2716 4203 fibi
2769 4122 3117 4225 religiose
3170 4116 3601 4198 ambirent.

907 4214 1016 4294 At
1068 4214 1443 4294 creditum
1497 4211 1646 4311 est,
1699 4221 2039 4320 Angelos
2091 4221 2289 4323 ipsos
2345 4225 2679 4305 humana
2732 4223 2973 4303 forma
3026 4223 3237 4303 illius
3291 4216 3604 4299 obitum

911 4329 1071 4394 tota
1107 4314 1322 4429 Urbe
1376 4313 1749 4416 vulgaffe3
1802 4322 2298 4421 pulcherrimi
2349 4324 2559 4408 enim
2615 4323 2750 4403 vifi
2801 4326 2972 4404 sunt
3022 4324 3331 4423 juvenes
3377 4317 3615 4397 illum

904 4429 1392 4512 nuntiantes,
1441 4418 1573 4517 qui
1626 4416 1874 4504 statim
1923 4422 2385 4524 disparuere.
2438 4426 2799 4529 Cumque
2854 4424 3210 4507 nonnulli
3268 4420 3405 4600 fib)
3445 4441 3610 4518 per·

3381 4544 3508 4601 ua·
