3884 5342
773 354 891 453 ’ᾗ
957 367 1443 474 Νιροιω
1513 397 1644 454 DE
1710 374 2446 460 Totssnrmo.
2698 395 2863 481 231-

330 522 417 616 jn
469 524 877 618 Daernones
929 520 1290 623 potestas,
1329 541 1565 621 ‚atque
1617 517 2075 618 imperium,
2123 521 2427 623 quando
2468 519 2565 601 iis
2587 520 2816 602 etiam
2840 545 3022 623 qua·

340 623 392 701 st
446 622 801 708 ministris
853 619 1205 704 utebatur
1244 676 1271 721 ,
1325 643 1410 699 ut
1464 619 1991 722 perditisfimos
2041 621 2401 706 homines
2449 650 2490 702 a
2538 621 2850 728 flagitiis
2898 623 3020 706 de-

329 745 704 821 xerreret,
753 749 840 806 ac
890 724 983 802 ad
1036 721 1571 826 poenitentiam
1622 744 2056 803 revocaret.
2332 751 2341 758 ·

325 903 334 912 .
434 828 868 923 intereos,
916 827 1192 928 quibus
1240 819 2265 929 Joannes1aconfeffionibus
2317 841 2525 920 erat,
2577 848 2776 905 unus
2822 825 3013 914 exti-

338 926 484 1023 tit,
536 926 665 1028 qui
691 928 815 1029 pie
837 952 1012 1008 cum
1039 927 1383 1021 viveret,
1433 926 1799 1006 sceleratae
1824 926 2151 1006 foeminae
2175 922 2472 1005 illectus
2495 927 2977 1005 commercio
2996 981 3025 1024 ,

337 1028 704 1127 paulatim
731 1029 1089 1128 pietatem
1118 1026 1485 1123 deseruit,
1506 1052 1746 1127 eoque
1770 1025 2240 1106 infelicitatis
2264 1025 2620 1123 devenit,
2673 1046 2756 1104 ut
2782 1027 3020 1108 nullis

321 1127 646 1229 Joannis
696 1129 1135 1224 blanditiis,
1188 1127 1513 1210 minisve
1567 1154 1608 1205 a
1663 1127 1948 1206 nefario
2004 1125 2350 1208 mulieris
2398 1126 3016 1207 amore-dimove-

311 1231 392 1316 ,ri
444 1229 783 1330 potuerit
826 1286 845 1306 .
919 1228 1135 1329 Quid
1210 1229 1445 1329 igitur
1493 1230 1821 1329 Ioannes
1874 1235 1901 1310 ἓ
1954 1227 2367 1331 Imperavit
2422 1228 2851 1323 naamani,
2922 1249 3011 1308 ut

317 1336 497 1420 cut'n
551 1329 785 1420 nofitu
836 1334 1066 1412 ambo
1118 1331 1466 1408 cubitum
1522 1352 1964 1432 pergerent,
2014 1331 2171 1409 illis
2222 1330 2295 1408 se
2328 1328 2807 1430 spefiandum
2888 1352 3011 1407 rae·

307 1431 586 1529 -beret,
635 1429 839 1531 quali
892 1456 1021 1509 eos
1074 1432 1309 1516 vellet
1361 1429 1776 1531 impetere,
1826 1456 1912 1511 ac
1967 1427 2058 1507 ad
2111 1429 2391 1509 inferos
2432 1432 2772 1510 trahere.
2898 1425 3009 1525 ius

303 1530 1133 1647 .juffisobt‚,ernperavit
1188 1531 1555 1611 Satanas.
1630 1532 1861 1620 Tunc
1916 1534 1947 1631 (
1985 1557 2035 1608 o
2087 1529 2418 1608 mutatio
2485 1530 2808 1609 dexterae
2860 1531 3010 1608 Ex-

317 1632 492 1710 celfi
540 1632 638 1728 1,)
690 1658 824 1733 qut
874 1634 966 1712 ad
1018 1630 1850 1734 peccandumeffrenes
1902 1632 2399 1733 properabant
2441 1684 2468 1727 ,
2518 1630 2730 1711 illius
2782 1632 3007 1712 larva

311 1733 743 1833 speciaculo
795 1735 982 1814 adeo
1034 1734 1205 1818 sunt
1261 1732 1686 1834 perterriti,
1741 1754 1823 1811 ut
1875 1734 1968 1810 ad
2024 1732 2552 1832 poenitendum
2604 1732 3006 1810 illico‘ob·
3089 1741 3101 1748 “

311 1833 500 1924 ortis
553 1834 971 1936 lachrymis
1022 1836 1366 1912 animum
1421 1834 1831 1933 adjicerent
1871 1888 1897 1929 ‚
1975 1833 2048 1912 8<
2100 1831 2457 1912 anteaflae
2511 1832 2687 1912 vitae
2738 1832 3004 1912 dolore

277 1936 644 2036 ,correpti
685 1990 713 2030 ,
785 1936 1100 2014 solidam
1156 1934 1455 2014 nociem
1529 1935 1614 2015 in
1667 1934 2014 2014 oratione
2088 1933 2579 2033 transigerent
2620 1992 2639 2012 .
2694 1932 3000 2012 Deinde

295 2035 741 2118 antelucani
771 2037 1142 2137 Joanncm
1197 2036 1543 2115 adierunt
1596 2036 1687 2116 ad
1741 2029 2101 2135 illiusque
2150 2034 2374 2136 pedes
2417 2033 2800 2134 provoluti
2841 2033 3000 2113 ani·

300 2158 520 2226 mum
575 2136 1040 2228 confeffione„
1079 2137 1525 2239 expiarunt,
1577 2159 1802 2237 atque
1841 2134 2327 2236 imposterum
2356 2134 2672 2235 piiffime
2696 2133 2995 2214 vixere.

401 2236 585 2317 Fuit
640 2238 770 2339 qui
821 2239 1157 2322 sororem
1209 2239 1468 2320 animo
1518 2238 1852 2339 agitabat
1903 2236 2297 2333 occidere,
2349 2237 2443 2316 de
2494 2236 2627 2314 illa
2670 2234 2994 2314 inconti-

302 2337 651 2426 nentiam
706 2347 992 2430 temere
1043 2339 1448 2441 suspicatus
1490 2397 1510 2416 .
1567 2341 1924 2418 Mentem
1980 2338 2186 2416 suam
2243 2336 2545 2415 cuidam
2590 2334 2990 2436 'Religioso

297 2438 639 2533 aperuit,
690 2439 820 2540 qui
879 2440 1322 2536 hominem,
1376 2462 1459 2518 ut
1517 2439 2022 2519 Marinonum
2076 2438 2594 2546 conveniret,
2649 2437 2990 2516 hortatus

291 2535 439 2612 est.
495 2539 1085 2620 Hortationibus
1137 2541 1433 2641 paruit,
1487 2564 1718 2641 utque
1776 2541 1856 2618 in
1909 2539 2120 2620 illius
2171 2536 2655 2638 conspestum
2709 2539 2925 2617 venit
2963 2589 3005 2635 ,a

277 2635 542 2726 statim
600 2640 1062 2722 Marinonus
1113 2642 1423 2742 cognita
1476 2639 1854 2718 divinitus
1903 2639 2238 2719 hominis
2289 2640 2662 2718 adventus
2713 2639 2988 2736 causaw,

277 2731 497 2829 Fili,
551 2738 856 2841 inquit,
905 2736 1274 2837 multum,
1328 2764 1545 2838 atque
1566 2764 1894 2817 extreme
1929 2734 2229 2837 falleris
2333 2734 2613 2816 vellem
2667 2738 2988 2836 tibiper-

235 2834 243 2843 ’
276 2831 646 2933 suadeas,
697 2836 888 2935 quod
939 2838 1186 2930 animo
1235 2833 1822 2942 volvis-diaboli
1872 2838 2011 2939 effe
2059 2793 2435 2939 'confilium
2473 2895 2492 2917 .
2566 2839 2711 2918 Ille
2765 2837 2989 2938 perti-

285 2956 444 3012 nax
499 2936 656 3033 ejus
709 2937 1149 3030 sanfflffima
1201 2940 1477 3035 verba,
1523 2938 2246 3054 exhortationesque
2302 2938 2639 3018 ne'lexit
2675 2995 2695 3016 .
2753 2940 2984 3018 Tunc

284 3032 755 3120 Marinonus
806 3040 1096 3118 Satanae
1146 3039 1549 3142 imperavit
1593 3095 1619 3136 ,
1673 3061 1758 3118 ut
1812 3041 1883 3124 se
1940 3039 2242 3118 homini
2298 3040 2375 3118 vi
2409 3039 2673 3120 ibilem
2729 3039 2986 3118 redde-

279 3154 471 3229 ret„
524 3162 678 3236 quo
735 3138 898 3217 visu
954 3140 1015 3217 is
1069 3141 1173 3217 ita
1227 3142 1756 3222 consternatus
1793 3140 1896 3220 est
1936 3196 1964 3236 ,
2018 3162 2101 3220 ut
2156 3140 2237 3218 in
2286 3161 2566 3220 terram
2622 3165 2983 3220 corruens

280 3233 824 3326 semimortuus
877 3238 1010 3332 diu
1062 3241 1416 3340 jacuerit.
1473 3241 1828 3323 Accurrit
1865 3243 2087 3321 illico
2113 3241 2623 3338 Marinonus,
2670 3242 2979 3343 quima-

277 3361 388 3414 nu
444 3336 669 3418 illum
725 3340 1032 3420 elevans
1067 3396 1098 3437 ,
1147 3343 1436 3424 Satanoe
1513 3366 1598 3421 ut
1669 3342 2073 3445 dispareret
2148 3342 2552 3444 imperavit
2591 3397 2618 3440 ,
2662 3368 2823 3444 quo
2876 3340 2978 3420 fa-

267 3436 489 3530 ¹&um
543 3440 648 3518 est
681 3494 708 3537 ,
783 3462 868 3520 ut
925 3443 1163 3521 homo
1217 3465 1517 3523 mutato
1570 3445 1650 3522 in
1705 3446 1987 3524 melius
2035 3445 2348 3523 confi’lio
2398 3445 2646 3523 eidem
2700 3441 2978 3523 Sanan

273 3561 586 3654 peccata
639 3542 766 3619 sua
819 3542 900 3621 in
953 3543 1410 3624 confeffione
1462 3545 1805 3646 aperuit,
1861 3545 2079 3646 impii
2135 3542 2972 3659 poenitenspropofiri',

259 3641 629 3743 ‚vixitque
679 3640 1080 3746 deinceps,
1131 3644 1554 3732 Marinono
1607 3645 1895 3730 reflore
1929 3703 1959 3743 ,
2029 3647 2297 3727 multis
2366 3645 2661 3725 meritis
2710 3647 3017 3723 cumas

255 3741 484 3822 ⁴latus
528 3800 545 3818 .
2916 3777 2939 3800 ·‘

361 3842 910 3926 Nobilisfimos
957 3825 1163 3926 inter
1212 3847 1571 3948 conjuges
1601 3861 1852 3949 :grave
1876 3859 2132 3928 ortum
2152 3844 2260 3925 est
2285 3844 2709 3944 diffidiurn,
2758 3845 2967 3948 qnod

243 3945 590 4034 maritus
642 3944 980 4028 irretitus
1001 3946 1678 4051 philtris-pellicem
1719 3952 2080 4032 ,ardenter
2120 3949 2490 4051 deperiret
2515 4008 2532 4026 .
2586 3950 2960 4049 Ioannem

251 4043 774 4152 Mar-itionum
795 4048 984 4128 adiit
1009 4072 1197 4128 uxor
1217 4105 1246 4146 ,
1266 4051 1486 4152 eique
1507 4077 1668 4134 rem
1693 4079 2006 4133 omnem
2030 4051 2325 4154 aperuit
2346 4108 2368 4127 .
2427 4050 2850 4153 Increpavit
2876 4049 2962 4126 il-

256 4145 412 4224 lam
451 4147 782 4242 SanRus,
814 4150 1002 4248 Vir,
1052 4153 1256 4254 quod
1300 4152 1390 4234 de
1436 4154 1829 4234 Veneficae
1865 4153 2191 4236 confilio
2240 4152 2631 4232 veneficiis
2680 4150 2963 4252 philtra
3003 4166 3013 4174 ·

245 4246 657 4350 diffolvere
708 4269 980 4338 conata
1033 4253 1259 4334 fuerit
1303 4249 1340 4331 .’
1397 4254 1614 4339 Eam,
1645 4249 1918 4335 deinde
1993 4253 2259 4335 divino
2312 4254 2605 4336 afflatus
2657 4248 2955 4330 lumine

247 4349 570 4432 edocuit
621 4352 931 4455 locum,
983 4356 1116 4460 ubi
1171 4355 1455 4461 philtra
1525 4353 1798 4439 diffidii
1854 4357 2343 4441 seminarium
2396 4353 2803 4532 reperirieu
2853 4348 2955 4428 fa-

1181 4507 1192 4514 ,
2685 4474 2853 4533 cem
