3884 5342
701 368 705 371 V
812 401 1304 493 δειπνεῖ-ιε
1372 405 1796 491 Missum
1861 409 2524 496 thoatosAEJ
2715 437 2879 526 277

326 555 1041 641 'omne-Christianae
1089 559 1388 660 pietatis
1437 559 1826 656 officium,
1879 579 2101 661 atque
2126 561 2487 643 virtutem
2515 562 3008 652 vehementer

332 659 793 756 accendere,
843 683 1004 740 tum
1057 660 1549 740 austeriffimae
1607 661 1775 739 vitae
1828 662 2239 761 exemplis,
2294 684 2454 740 turn
2481 664 2619 763 piis
2646 665 3032 760 hortatio·x

331 758 569 842 nibus
616 760 1099 842 institerunt..
1154 762 1517 843 Virorum
1575 765 1806 865 pietas
1848 813 1873 856 ‚
1923 763 2318 843 &severae
2370 765 2825 862 paupertatis
2877 768 3009 845 ob.-

319 858 711 939 ·servantia
762 887 892 962 per
943 864 1208 943 urbem
1265 863 1590 964 vulgata}
1662 884 1945 941 tantam
2002 864 2107 940 eis
2161 889 2317 941 non
2371 864 2632 962 populi
2687 866 2925 942 solum
2977 919 3010 964 ,

283 970 285 974 ‘
332 959 458 1035 sed
510 962 587 1039 8<
639 986 1028 1060 procerum
1089 965 1698 1044 benevolentiam
1753 963 2244 1057 conciliavit,
2298 986 2379 1039 ut
2434 965 2525 1041 de
2578 963 3010 1061 affignando

319 1083 705 1161 perpetuo
752 1066 1148 1146 domicilio
1221 1067 1301 1144 in
1357 1070 1539 1145 urbe
1593 1064 1953 1165 religiofis
2033 1065 2471 1145 hominibus
2524 1065 2941 1162 cogitantes
2981 1118 3010 1160 ‚

336 1160 707 1240 vetustam
785 1168 1185 1265 quamdam
1264 1167 1338 1245 8<
1418 1193 1730 1248 vacuam
1804 1167 2029 1245 Divae
2086 1166 2354 1243 Mariae
2420 1165 2823 1242 Abbatiam
2896 1165 3011 1242 in-

330 1279 446 1336 ter
495 1264 828 1342 confinia
877 1269 947 1344 S.
976 1269 1301 1346 Thomae
1344 1269 1728 1368 Apostoli,
1780 1268 1853 1344 8<
1905 1267 2156 1346 Sanfi’ti
2210 1267 2563 1366 Stephani
2619 1263 3013 1347 Confeffo-

310 1358 431 1438 ris
485 1365 994 1444 Paroeciarum
1049 1368 1359 1466 politam
1410 1368 1574 1468 ipfis
1627 1371 1832 1446 ultro
1883 1368 2423 1447 concederent.
2481 1367 2699 1445 Hanc
2742 1392 2784 1442 a
2831 1365 3011 1444 Mo-

228 1474 235 1481 ·
304 1460 595 1542 machis
618 1464 1122 1546 Benedifflinis
1172 1469 1361 1548 olim
1417 1471 1792 1546 excultam
1855 1468 2080 1545 habet
2125 1467 2432 1565 antiqua
2480 1466 2832 1558 traditi0‚
2886 1491 3011 1543 cu·

325 1562 445 1657 jus
495 1564 807 1665 quidem
861 1567 966 1645 rei
1026 1567 1542 1648 testimonium
1578 1603 1585 1607 ·
1619 1572 1757 1647 effe
1811 1568 2050 1668 potest
2104 1567 2410 1667 antiqua
2465 1565 2714 1644 Sanffl
2771 1564 3017 1663 Patris

307 1662 538 1743 .Bene
562 1665 741 1745 dieti
795 1667 1094 1767 imago,
1149 1695 1309 1769 quae
1363 1670 1445 1748 in
1498 1671 1806 1748 dextero
1861 1669 2064 1768 poste
2118 1665 2280 1746 ostii
2324 1720 2354 1761 ‚
2400 1684 2553 1766 quo
2604 1690 2699 1743 ex
2752 1666 3013 1744 Eccle-

324 1763 425 1843 fia
449 1769 539 1843 ad
564 1768 980 1847 Sacrarium
1030 1791 1234 1870 patet
1260 1771 1555 1866 aditus,
1598 1773 1844 1849 adhuc
1871 1768 2181 1861 vifitur3
2234 1780 2619 1868 cumsvero
2643 1764 3008 1845 Sanc‘tiffi·

318 1891 494 1943 mus
556 1869 1119 1948 Monachorum
1178 1871 1605 1950 Patriarcha
1657 1893 1822 1950 atro
1873 1890 2221 1971 appareat
2275 1869 2585 1946 indutus
2653 1868 3009 1961 cucullo,

196 2001 204 2006 ·
298 1967 824 2048 -dubitandum
884 1972 1039 2067 jure
1094 1971 1196 2049 est
1236 2028 1263 2069 ‚
1314 1999 1410 2052 an
1466 1972 1546 2051 in
1602 1999 1693 2053 eo
1746 1975 1919 2051 loco
1980 1969 2353 2048 Monachi
2408 1967 2561 2046 albi
2620 1966 3009 2081 habitatae:

297 2071 528 2164 rint,
584 2091 662 2147 ut
719 2069 940 2149 refert
995 2072 1078 2150 in
1129 2074 1262 2151 suo
1314 2075 1406 2152 de
1460 2077 1645 2152 urbe
1704 2075 1993 2150 Veneta
2048 2071 2247 2149 libro
2300 2068 2756 2148 Sansovinus
2796 2120 2823 2162 ‚
2875 2093 3008 2167 qut

158 2150 183 2164 ’
293 2171 504 2270 -saepe
557 2171 813 2270 saepius
865 2171 1041 2250 falsa
1096 2175 1291 2254 veris
1366 2176 1779 2255 admiscens
1850 2170 2093 2251 afferit
2145 2172 2370 2250 AEdes
2415 2168 2640 2256 ’hasce
2693 2193 2736 2244 a
2791 2168 3003 2245 Divo

314 2271 717 2348 Francisco
772 2273 1157 2352 Affifinate
1211 2276 1558 2355 obtentas
1613 2274 1866 2368 fuisse,
1924 2274 2107 2350 dum
2137 2269 2485 2351 Venetiis
2540 2270 2673 2347 sub
2730 2267 3003 2346 Henri-

311 2396 410 2448 co
468 2372 829 2450 Dandulo
886 2376 1106 2454 Duce
1183 2390 1777 2456 commoraretur
1819 2433 1838 2451 .
1915 2375 2270 2451 Errorem
2348 2370 2752 2472 Scriptoris
2803 2371 3009 2466 clete<

300 2470 427 2566 ·git
484 2470 636 2572 ipsa
691 2494 1118 2574 temporum
1192 2475 1619 2577 appositio,
1690 2475 2051 2577 siquidem
2120 2477 2501 2553 Venetum
2557 2471 2998 2551 moderante

287 2571 708 2652 -Ducatur‘n
737 2574 1071 2657 Henrico
1096 2579 1506 2672 Dandum,
1558 2579 1689 2679 qui
1747 2577 1937 2655 vixit
1997 2603 2227 2676 usque
2282 2577 2369 2653 ad
2421 2599 2708 2651 annum
2740 2574 2996 2650 Mccv.

303 2674 655 2751 nondum
711 2677 1158 2776 Seraphicus
1211 2678 1352 2755 Vir
1405 2680 1496 2755 ad
1551 2676 1945 2754 meliorem
2003 2675 2292 2774 frugem
2349 2674 2495 2752 sese
2549 2681 2925 2773 receperat
2968 2727 2993 2767 ‚

303 2768 560 2848 immo
611 2777 1172 2874 tunc‘ne‘gotiis
1225 2778 1471 2854 adhuc
1526 2775 1949 2875 implicitus
1999 2776 2091 2852 de
2147 2774 2597 2850 instituenda
2625 2773 2995 2871 religione

277 2867 574 2948 -rni-nus
626 2872 1049 2970 cogitabat.
1107 2875 1629 2953 Diverfimode
1684 2873 1775 2950 de
1831 2871 2069 2972 prima
2125 2873 2274 2950 loci
2334 2873 2771 2950 fundatione
2827 2872 2995 2954 scri:

296 2969 950 3074 buntjwadingus
971 3027 998 3070 ‚
1050 2974 1124 3052 8<
1151 2974 1628 3055 Toffinianus
1669 2976 2059 3052 asserentes
2086 2974 2309 3055 Divae
2335 2971 2602 3051 Mariae
2629 2971 2992 3050 Gloriosae

295 3070 783 3152 Coenobium
824 3075 1430 3154 annotMccxxv.
1454 3077 1585 3158 sub
1607 3077 1892 3176 Jacobo
1920 3075 2147 3154 Theu
2202 3078 2330 3154 olo
2356 3077 2579 3154 Duce
2602 3095 2935 3175 coeptum
2964 3097 2988 3163 ς

293 3167 387 3248 in
440 3196 589 3272 qua
642 3174 1015 3269 sententia
1069 3175 1506 3275 clariffimos
1545 3180 1765 3258 .viros
1819 3178 2077 3257 errasse
2161 3179 2515 3260 atendum
2572 3176 2725 3270 est,
2776 3172 2994 3275 siqni-

292 3272 477 3379 dem
533 3274 852 3372 Jacobus
910 3275 1411 3379 Theupolus‚
1465 3278 1760 3357 nonnifi
1815 3279 1971 3380 post
2014 3279 2570 3358 abdicationem
2602 3275 2798 3355 Petri
2822 3274 2992 3351 Zia·
3046 3338 3058 3350 .

293 3371 382 3450 ni
445 3373 688 3453 Ducis
733 3382 941 3454 'anno
996 3378 1413 3457 Mccxxtx.
1472 3381 1767 3459 Ducale
1836 3380 2216 3477 ‘fastigium
2276 3379 2648 3458 ascendit.
2710 3378 2814 3455 Ut
2867 3401 2993 3488 atr-

288 3494 463 3552 tem
521 3499 638 3553 rex
682 3475 1116 3558 inconcusse
1173 3481 1577 3574 statuatur,
1629 3481 1981 3580 antiquos
2006 3482 2394 3576 scriptores
2424 3484 2804 3567 Venetos,
2856 3500 2991 3575 qut

292 3576 395 3655 de
454 3575 892 3657 Minoritioi
947 3579 1170 3677 hujus
1193 3580 1562 3662 Coenobii
1620 3581 1861 3658 initiis
1915 3581 2197 3678 aliquid
2255 3579 2543 3674 scriptis
2609 3592 2989 3687 commen-

285 3678 622 3774 darunt3
676 3679 1144 3761 exhibendos
1196 3685 1336 3762 effe
1387 3682 1697 3762 censeo.
1755 3682 2051 3758 Primus
2104 3703 2197 3757 ex
2252 3678 2359 3756 eis
2413 3698 2627 3756 aetate
2670 3677 2990 3754 &mert-

286 3802 376 3856 to
436 3779 800 3860 illustrior
850 3783 997 3860 sese
1050 3783 1271 3862 offert
1324 3784 1727 3862 Dandulus
1769 3837 1797 3877 ‚
1863 3780 2129 3882 quiin
2186 3782 2481 3857 Chrona
2539 3777 2666 3856 lib.
2721 3804 2782 3852 κ,
2831 3804 2983 3876 cap.

286 3902 363 3957 v,
428 3907 578 3982 par.
602 3904 833 3960 xvm.
893 3882 1049 3963 haec
1107 3884 1360 3962 affert.
1415 3890 1468 3929 “
1523 3888 1815 3964 Fratres
1868 3882 2175 3984 quidam
2232 3882 2322 3957 de
2378 3878 2666 3957 Ordine
2726 3880 2983 3952 Mim-

282 4010 354 4080 ,ς
399 4008 572 4062 rum
629 3984 720 4062 de
773 3985 1160 4062 laboribus
1212 4009 1577 4064 manuum
1634 3988 1930 4064 suarum
1988 3983 2068 4060 in
2124 3982 2319 4061 atrio
2362 3982 2706 4100 Ecclefiag
2730 3984 2794 4056 S.
2827 3980 2983 4076 Syl*-

283 4137 343 4180 „
406 4084 628 4162 vestri
682 4084 923 4163 vitam
976 4086 1420 4181 ducebant,
1489 4087 1621 4185 qui
1699 4090 2070 4165 bonorum
2147 4109 2459 4183 operum
2537 4084 2983 4158 exhffiuntet:

282 4237 347 4279 „
401 4187 751 4286 exempla
801 4195 1008 4267 nfunc
1062 4189 1197 4267 sub
1252 4189 1628 4266 vocabulo
1681 4190 1750 4263 S.
1800 4186 2070 4264 Mariae
2103 4184 2465 4286 ³Virginis
2518 4181 2650 4259 fibi
2714 4184 2983 4252 Mum*

287 4316 357 4378 „·
409 4284 721 4364 sterium
770 4288 1225 4370 inchoarunt
1269 4293 1321 4333 ‘⁶
1364 4287 2259 4375 „Concordatsanutus
2302 4340 2327 4377 ‚
2380 4283 2509 4385 qui
2571 4283 2646 4358 in
2702 4284 2987 4376 Jambn

291 4387 724 4519 Tbeupolo
780 4390 1018 4472 Duce·
1059 4394 1164 4471 ita
1214 4390 1472 4475 scribit
1518 4417 1535 4470 :
1589 4393 1640 4434 ‘³‘
1687 4394 1990 4485 Ancora
2020 4385 2073 4481 ‚i
2130 4386 2341 4467 Frati'
2375 4383 2895 4558 ἀεΠὈι-ιὲὲξῑξη
2919 4376 2991 4452 di

2641 4537 2693 4580 9)
