3884 5342
870 383 1487 498 S.JoAuu1s
1548 383 2408 470 ΕνΑΝοΕιῐετ-Ε.
2682 411 2845 495 337

294 534 446 620 hoc
497 537 925 641 frequentes
973 539 1353 621 orirentur
1400 532 1972 632 controverffle,
2021 555 2247 638 atque
2298 560 2397 617 ex
2448 533 2780 639 antiquis
2833 537 2968 616 Fa-

294 642 531 722 miliae
584 639 1180 723 conceffionibus
1232 641 1594 741 plenum,
1644 637 2175 738 summumque
2202 637 2632 719 inEcclefia
2656 639 2726 717 S.
2748 638 2973 738 Ioan-

284 746 409 826 nis
463 744 577 842 jus
626 743 762 827 fibi
814 760 1190 843 arrogaret
1241 737 1695 821 Sodalitium
1738 791 1767 834 ‚
1815 761 1859 818 e
1909 758 2175 818 contra
2228 762 2412 819 vero
2466 739 2971 821 Patronorum

282 865 559 937 ,coetus
592 843 1080 935 contenderet
1121 897 1151 940 ‚
1221 843 1440 923 usum
1495 838 2030 920 tantummodo
2098 839 2194 918 ad
2245 837 2759 921 Ecclefiastiea
2809 838 2975 918 offi-

288 948 411 1025 cia
466 947 549 1026 in
607 946 891 1047 templo
962 938 1379 1046 'peragenda
1431 940 1857 1021 concess'um
1912 937 2122 1019 fuiss'e
2162 994 2193 1036 ‚
2261 938 2588 1020 solemni
2639 939 2974 1041 supremi

278 1045 629 1149 Collegii
681 1046 962 1145 judicio
1014 1071 1219 1124 anno
1272 1044 1790 1123 Moccxxvn.
1822 1039 1961 1120 'die
1986 1063 2160 1120 xxv.
2214 1039 2531 1143 Augusti
2584 1039 2976 1122 firmatum

282 1147 485 1245 fuit,
540 1168 831 1228 veteres
881 1144 1434 1241 concelliones,
1485 1143 1611 1224 seu
1664 1168 1707 1221 a
1762 1142 2197 1239 Prioribus,
2249 1139 2787 1223 seuaFamilia
2838 1140 2975 1242 ipfi

282 1248 663 1335 sodalitio
715 1247 1111 1345 indultas,
1183 1247 1473 1327 nullam
1526 1243 1904 1348 perpetuis
1954 1243 2592 1359 Jurispatronatus
2661 1240 2978 1323 rationi·

287 1351 433 1430 bus
485 1348 864 1437 laefionem
917 1346 1291 1430 intulisse.
1562 1416 1577 1425 -
1762 1392 1767 1397 ι

314 1538 323 1543 ,
389 1452 606 1535 Cum
660 1448 913 1550 itaque
966 1445 1049 1531 in
1102 1473 1189 1529 ea
1239 1446 1575 1531 Ecclefia
1624 1446 2019 1528 fundatum
2073 1445 2266 1526 Divi
2319 1444 2631 1547 Joannis
2682 1443 2975 1525 Sodali'·

284 1551 491 1643 tium
548 1551 894 1650 praeclara
946 1548 1338 1650 religionis
1407 1549 1767 1628 exercitia
1819 1573 2095 1650 magna
2145 1571 2321 1628 cum
2367 1544 2600 1627 Urbis
2650 1546 2973 1624 admira·

268 1652 506 1739 -tione
554 1650 1089 1757 ‘frequentaret
1128 1705 1157 1747 ‚
1226 1650 1420 1744 illud
1466 1647 1939 1752 potiffimurn
1993 1650 2020 1749 (
2072 1668 2157 1728 ut
2211 1645 2517 1744 fertur)
2569 1645 2974 1728 communi

268 1752 606 1847 confilio
657 1753 751 1832 ad
804 1777 963 1833 rem
1016 1750 1529 1833 Christianam
1571 1777 1711 1853 pro
1758 1750 2050 1830 viribus
2103 1748 2602 1829 ad‘uvandam
2655 1745 2972 1849 aggreffi

273 1856 503 1950 sunt,
557 1874 641 1938 ut
696 1880 964 1955 pueros
1017 1855 1113 1932 ab
1164 1854 1329 1935 otio
1379 1852 1726 1952 ludisque
1763 1849 2161 1932 abstrae'cos
2266 1848 2575 1931 oflrinat
2596 1847 2965 1930 Christia-

257 1982 394 2036 nae
450 1954 904 2033 rudimentis
958 1952 1457 2050 instruerent,
1508 1953 1731 2055 quod·
1766 1952 2029 2054 utique
2082 1949 2615 2031 sanaiffimum
2671 1948 2967 2031 institu-

273 2079 450 2137 tum
503 2055 590 2133 in
641 2053 782 2135 hac
807 2054 1131 2134 Ecclefia
1180 2054 1656 2156 incoeptum,
1698 2055 1875 2134 Deo
1917 2052 2369 2152 adjuvante,
2419 2050 2787 2154 paulatim
2834 2077 2969 2151 per

275 2157 712 2253 universam
770 2158 1035 2236 urbem
1087 2181 1364 2258 magna
1432 2180 1613 2239 cum
1686 2154 2114 2233 animarum
2170 2153 2507 2233 utilitate
2557 2152 2970 2235 dilatatum

275 2259 385 2337 est
405 2316 425 2335 .
456 2346 463 2355 ,
487 2258 848 2349 Virorum
904 2256 1265 2358 pietatem
1289 2256 1698 2339 admiratus
1724 2255 1980 2358 Philip
2032 2281 2119 2335 us
2155 2253 2249 2335 de
2273 2250 2646 2334 Mafferiis
2668 2255 2921 2357 Eques
2938 2308 2970 2354 ,
3056 2357 3060 2361 .

270 2360 351 2437 8<
409 2358 749 2460 Magnus
798 2357 1053 2460 Regni
1103 2356 1349 2461 Cypri
1389 2354 1916 2439 Cancellarius
2022 2354 2340 2437 odalitio
2393 2354 2575 2434 huic
2627 2354 2970 2456 infigne‚

269 2458 349 2545 8(
401 2483 860 2562 quoeunque
932 2459 1282 2545 thesauro
1344 2459 1744 2562 pretiosius
1799 2485 2078 2541 munus
2129 2456 2466 2552 obtulit,
2517 2455 2970 2538 admirabile

265 2559 639 2642 videlicet
691 2559 1084 2643 salutiferae
1137 2563 1414 2643 Crucis‘
1465 2562 2030 2664 fragmentum,
2079 2558 2282 2662 quod
2336 2558 2470 2638 fibi
2524 2581 2620 2636 ex
2661 2558 2732 2637 S.
2758 2558 2971 2667 Petri.

269 2659 612 2744 Thomae
665 2663 981 2744 Ordinis
1029 2664 1631 2744 Carmelitarum
1686 2662 2136 2741 Patriarchae
2188 2657 2975 2759 Constantinopolita-

178 2768 189 2779 “
254 2761 363 2849 ,ηἱ
414 2761 897 2860 dispofitione
951 2764 1398 2845 devenerat:
1455 2763 1610 2862 ipse
1664 2761 1871 2841 enim
1924 2756 2433 2841 Saneliffimus
2488 2758 2971 2855 Patriarcha,

272 2860 466 2938 dum
522 2861 771 2961 Cypri
822 2863 1103 2963 degens
1150 2860 1361 2945 Sedis
1414 2860 1864 2962 Apostolicae
1915 2863 2289 2962 Legatum
2340 2875 2642 2960 ageret,
2695 2860 2969 2937 morbo

271 2980 639 3043 extremo
710 2982 1103 3065 correptus
1176 2963 1783 3065 supralaudatum
1838 2959 2280 3063 Philippum
2358 2956 2775 3038 voluntatis
2826 2959 2977 3037 suar
3040 3020 3074 3041 .

263 3062 912 3155 Commiffarium
964 3087 1061 3148 ex
1113 3063 1565 3147 testamento
1615 3061 1989 3160 instituit,
2036 3061 2319 3242 ἐξῆψε
2370 3060 2658 3140 sacrum
2704 3058 2974 3161 pignus

263 3162 706 3245 honorifice
758 3166 1274 3251 affervandum
1328 3190 1611 3267 magno
1658 3163 1901 3245 animi
1954 3187 2035 3242 ar
2087 3187 2218 3243 ore
2267 3159 2881 3243 commendavit.

262 3296 269 3301 ¹
378 3263 805 3345 Clariffimi
859 3264 1132 3346 militis
1183 3266 1710 3362 oblationem,
1761 3265 2109 3355 &rerum
2166 3262 2432 3343 seriem
2487 3260 2721 3341 unico
2741 3262 2972 3342 docu-

272 3385 557 3448 mento
608 3366 690 3446 in
738 3367 1042 3465 publica
1091 3365 1256 3449 aeta
1307 3365 1608 3447 redaeto
1660 3392 1835 3446 corn
1894 3364 2210 3447 rehendi
2262 3364 2458 3465 juffit
2531 3364 2968 3443 Ludovicus

252 3469 648 3563 ‚Donatus
699 3467 1013 3547 Ordinis
1058 3468 1468 3547 Minorum
1521 3487 1787 3547 contra
1914 3464 2291 3545 aereticam
2346 3462 2799 3564 pravitatem
2819 3468 2970 3542 Ge·

270 3567 569 3650 neralis
621 3566 1072 3667 Inquisitor,
1123 3569 1254 3670 qui
1310 3594 1448 3670 pro
1500 3568 1612 3648 sui
1665 3565 2007 3647 muneris
2057 3563 2319 3644 officio
2370 3562 2692 3642 solemni
2745 3563 2970 3642 dona-

274 3668 524 3848 tiorgis
574 3665 1052 3767 celebritati,
1094 3695 1242 3753 una
1294 3695 1472 3751 cum
1525 3667 1901 3766 Notario,
1952 3667 2026 3747 δι
2080 3664 2410 3746 ῑεὶὶίὸυε,
2441 3662 2807 3744 ordinatis
2857 3662 2969 3744 in-

281 3795 403 3855 ter
444 3790 597 3851 uit.
1312 3814 1319 3825 ·
2709 3840 2718 3853 ,

384 3872 501 3951 Ut
553 3888 811 3951 autem
862 3870 1643 3954 inaestimabilisdoni
1698 3870 2048 3976 perennis
2098 3870 2194 3950 ad
2245 3868 2571 3972 posteros
2591 3866 2969 3949 derivaret

276 3971 711 4069 memoria,
762 3972 1189 4075 largitionis
1244 3973 1703 4055 beneficium
1755 4001 1961 4055 anno
1994 4001 2202 4073 1494.
2258 3972 2582 4052 Lazarus
2633 3970 2726 4048 de
2748 3971 2969 4051 Seba-

273 4073 545 4154 stianis
597 4073 947 4175 egregius
997 4102 1093 4155 eo
1147 4096 1485 4176 tempore
1513 4073 1765 4156 Pielor
1815 4076 1900 4156 in
1953 4075 2213 4154 tabula
2250 4096 2350 4153 ex
2373 4069 2968 4173 Sodalitiiipfius

273 4178 606 4257 decreto.
652 4176 1039 4257 coloribus
1092 4178 1479 4279 expreflit·
2589 4257 2598 4266 ,

385 4276 561 4355 Nec
615 4275 1156 4359 miraculorum
1211 4277 1458 4381 gloria
1508 4275 1802 4372 defuit,
1851 4299 2017 4392 quae
2060 4273 2352 4356 vivifici
2377 4273 2572 4376 ligni
2595 4271 2967 4350 virtutem

234 4374 860 4478 'comprobaret‚
908 4390 1239 4484 quorum
1292 4379 1544 4482 aliqua
1596 4379 1683 4475 in
1734 4396 2054 4478 antiquo
2107 4375 2438 4460 sodalitii
2487 4373 2751 4456 codice
2787 4392 2972 4450 con-

487 4482 702 4556 Tom.
745 4482 864 4556 VI.
1854 4480 1926 4557 V
1955 4503 2006 4556 u
2420 4524 2432 4531 —
2612 4491 2870 4568 tenta,

3679 3782 3688 3789 ι

3713 4546 3720 4551 ι

3827 3742 3837 4713 ῲψ-ῌΑ-μ-ῌψψᾼψ
