3884 5342
1036 418 1202 503 288
1412 404 3128 505 ,DB'M‘ou'Anr'Enro·'

903 625 958 669 „
1008 570 1698 669 interrogarentur,
1744 563 2141 645 dicebant:
2197 564 2269 645 se
2323 563 2550 644 fidem
2601 552 2847 643 fratris
2899 557 3234 642 Gentilis
3287 560 3592 662 profite-
3691 604 3700 613 ι

900 724 956 769 „
1007 671 1135 752 ri.
1211 672 1303 748 In
1355 666 1700 748 Civitate
1771 664 2150 746 Cachenfi
2213 664 2579 746 familiam
2656 663 3033 746 nobilium
3112 665 3590 747 hebraeorum
3649 714 3654 729 1

890 804 956 879 ,ς
1008 766 1596 871 baptizavit,.&
1648 766 1730 844 in
1783 765 1928 846 fide
1981 765 2381 863 instruxit,
2432 793 2598 868 quae
2652 791 2779 867 per
2833 767 3118 845 multos
3168 789 3413 847 annos
3454 791 3582 845 vo-

808 882 956 970 Η”,,
1008 876 1362 965 cabatur,
1413 868 1683 947 domus
1735 865 2348 946 Christianorum
2404 868 2484 947 B.
2529 865 2906 947 Gentilis.
3591 918 3606 929 -

998 1029 1055 1071 „
1106 958 1221 1076 Ita
1274 969 1477 1070 large
1528 967 1945 1047 seminabat
2001 966 2230 1048 Persis
2281 968 2741 1086 spiritualia,
2792 967 2916 1047 sed
2966 966 3596 1070 parciffimeme·

898 1122 961 1171 „
1006 1076 1213 1153 rebat
1265 1092 1530 1149 eorum
1585 1069 2078 1170 temporalia,
2130 1090 2343 1149 remu
2397 1068 2606 1150 vistu
2658 1070 2734 1148 8(
2786 1068 2953 1148 rudi
2975 1088 3386 1151 contentus
3404 1068 3600 1148 ami-

899 1227 962 1272 „
1010 1173 1179 1261 dtu.
1232 1169 1679 1253 offerebant
1731 1169 1851 1249 illi
1898 1169 2300 1253 facultates
2352 1172 2428 1251 &
2481 1172 2800 1273 praedia,
2850 1170 2975 1250 sed
3025 1171 3270 1251 nobili
3323 1169 3596 1251 animo

900 1327 958 1373 „
1009 1273 1286 1357 cuncta
1337 1291 1827 1369 contemnes,
1876 1272 2198 1452 (1ὶῇοω
2254 1273 2327 1352 se
2380 1275 2743 1376 probabat
2794 1273 3222 1375 operarium
3246 1272 3594 1374 Evange-

899 1428 958 1474 ,‚
1000 1377 1247 1458 licum
1271 1431 1291 1454 .
1314 1375 1525 1454 Cum
1549 1371 1836 1452 affatim
1861 1397 1955 1451 ex
2021 1373 2403 1455 ‘berentur
2426 1375 2950 1476 eleemosynae,
2975 1373 3184 1454 illius
3203 1373 3357 1455 diei
3381 1376 3598 1454 durn-

896 1528 956 1574 „
1009 1490 1214 1559 taxat
1266 1474 1557 1555 vietum
1611 1472 2062 1555 admittebat
2093 1530 2124 1573 ,
2195 1477 2486 1580 reliqua
2541 1476 2843 1574 jubebat
2915 1475 3088 1555 aliis
3135 1473 3594 1579 pauperibus

897 1629 954 1677 „
1004 1576 1411 1658 distribui.
1488 1576 1870 1655 Persarum
1942 1579 2365 1678 Imperator
2420 1578 2735 1657 Venetis
2805 1576 3124 1680 quadarn
3197 1578 3294 1656 de
3347 1575 3592 1659 cauni

898 1729 957 1775 „
1010 1679 1389 1774 infensus,
1438 1700 1705 1757 omnes
1756 1676 1968 1756 illius
2018 1678 2268 1780 gentis
2324 1678 2795 1760 Mercatores
2846 1676 3251 1780 depraedari
3294 1730 3323 1772 ,
3369 1678 3453 1757 8(
3504 1676 3589 1757 in

897 1831 957 1874 ‚‚
1005 1802 1381 1862 carcerem
1435 1777 1558 1879 agi
1613 1778 2005 1880 praecepit.
2060 1779 2272 1858 Miffi
2297 1779 2980 1882 suntaRepublica
3021 1779 3112 1858 ad
3137 1779 3590 1882 placandum

896 1930 955 1976 „
1006 1881 1305 1961 barbari
1364 1878 1723 1981 principis
1773 1879 2119 1959 animum
2170 1883 2531 1962 Oratores
2583 1882 2786 1978 duc,
2835 1881 3147 1962 Marcus
3200 1877 3590 1983 prandiam

897 2031 955 2075 ,‚
998 1980 1471 2077 CornariuS,
1522 1980 1598 2060 8(
1647 1979 1888 2078 alius,
1937 1981 2072 2084 qui
2119 1982 2439 2062 obvium
2464 1983 2857 2063 Gentilem
2908 1983 3160 2062 secum
3216 1982 3594 2061 duxerunt

896 2131 958 2178 5,
1004 2083 1090 2162 in
1132 2081 1561 2164 comitatu.
1616 2081 2039 2163 Cornarius
2089 2104 2344 2163 autem
2402 2084 2823 2188 periculoso
2872 2082 3270 2164 contrasso
3321 2086 3589 2164 morbo

894 2233 953 2279 „
1003 2210 1183 2266 cum
1234 2204 1560 2264 mortem
1615 2208 1764 2285 pra:
1816 2183 2107 2265 foribus
2156 2185 2394 2265 ‘adesse
2438 2186 2789 2282 timeret,
2840 2185 3218 2265 advocato
3238 2183 3579 2278 Gentili,

895 2335 952 2379 „
1055 2286 1329 2367 ectoris
1378 2308 1648 2365 arcana
1699 2285 1774 2363 8(
1824 2285 2308 2366 conscientiae
2360 2287 2747 2388 scrupulos
2795 2284 3128 2366 detexit.
3187 2290 3441 2387 Quem
3490 2282 3574 2362 il-

895 2435 953 2479 „
1036 2413 1078 2466 e
1128 2389 1338 2467 bono
1394 2408 1478 2465 ut
1530 2386 1705 2464 esset
1758 2385 2022 2467 animo
2062 2441 2088 2482 ,
2158 2386 2348 2485 juffit
2391 2444 2419 2486 ,
2492 2388 2946 2490 prophetico
2998 2412 3212 2466 more
3265 2402 3581 2490 quatuor

895 2510 954 2580 ,·,
998 2486 1579 2590 praenuneiatis,
1634 2486 1897 2586 primis
1950 2487 2300 2569 felicibus
2342 2544 2370 2586 ,
2422 2488 2952 2589 posterioribus
3003 2486 3322 2569 adver-fis
3359 2543 3386 2585 ,
3442 2483 3594 2586 pri·

894 2636 953 2682 ‚2
1004 2590 1208 2668 stinae
1261 2588 1457 2668 dixit
1513 2587 2054 2672 restituendum
2109 2590 2603 2689 valetudini,
2677 2592 3003 2671 secundo
3075 2591 3354 2669 adsue
3403 2584 3594 2665 Rei·
3694 2655 3705 2664 .

895 2737 955 2786 2,
999 2689 1327 2793 ‚publicat
1374 2687 1908 2870 ‘principatum
1963 2691 2445 2773 evehendum
2495 2748 2526 2792 ,
2591 2692 2825 2775 tertio
2875 2713 3054 2773 ante
3122 2688 3448 2771 reditum
3504 2687 3596 2768 in

895 2839 952 2883 „
1002 2791 1321 2895 patriam
1425 2793 1787 2873 ecessuros
1841 2796 2191 2891 Patrem,
2244 2819 2563 2875 uxore-m
2601 2850 2628 2892 ,
2680 2796 2755 2874 8(
2806 2795 3101 2896 aliquot
3152 2791 3428 2873 consan
3538 2788 3593 2867 i-

892 2940 952 2983 „
999 2920 1187 2974 neos
1236 2920 1263 2987 3
1332 2914 1606 2995 quarto
1678 2920 2058 2975 carcerem
2110 2897 2186 2974 8(
2239 2896 2547 2977 vincu‘la
2601 2898 2972 2999 passurum
3017 2953 3039 2974 .
3113 2898 3228 2974 Ita
3279 2891 3405 2995 qu‘
3512 2915 3589 2969 m

893 3040 952 3086 2,
999 2994 1262 3075 omnia
1336 2993 1546 3093 juxta
1618 2995 2074 3077 vaticinium
2125 2998 2463 3079 Gentilis
2512 3016 2835 3081 evenere
2888 3027 2907 3077 ε
2979 3016 3076 3078 ex
3145 2991 3589 3075 infirmitate

892 3142 952 3189 2,
1003 3094 1450 3193 convaluit,
1503 3097 1690 3175 Dux
1743 3099 2088 3179 Venetus
2137 3121 2434 3180 creatus
2485 3099 2639 3195 est,
2690 3101 2998 3197 obiere,
3049 3114 3367 3201 parens,
3413 3118 3587 3175 con-

894 3240 955 3286 „
1004 3197 1181 3297 jux,
1229 3197 1773 3297 consanguinei
1819 3225 1844 3291 ς
1900 3200 2172 3280 Miffus
2242 3203 2540 3303 legatus
2608 3200 3239 3282 ira-Germaniam
3294 3196 3587 3279 ad'lrn·

894 3338 955 3388 9,
1006 3314 1431 3401 peratorem
1502 3322 1680 3378 cum
1755 3301 2047 3398 Joanne
2121 3303 2556 3382 Gradonico
2588 3358 2616 3400 ,
2677 3302 2755 3383 8(
2805 3301 3222 3383 Laurentio
3267 3297 3506 3381 Celso
3555 3348 3589 3395 ‚

892 3445 952 3488 ,2
1003 3400 1185 3478 dum
1232 3400 1851 3501 regrederentur,
1903 3403 2327 3483 Cornarius
2366 3404 2442 3485 8(
2483 3404 2962 3484 Gradonicus
3012 3430 3056 3482 a
3101 3401 3438 3505 quodam
3480 3423 3589 3480 re-

890 3545 949 3593 „
999 3503 1184 3603 gulo
1228 3500 1690 3582 Germanico
1744 3501 2029 3585 interce
2085 3503 2145 3582 ti
2199 3505 2413 3602 sunt,
2462 3506 2540 3585 8(
2593 3504 2674 3583 in
2695 3528 2948 3585 arcem
2973 3505 3350 3607 quandam
3378 3502 3584 3602 igno

888 3649 947 3694 ‚2
998 3601 1513 3784 minsiofissistme
1563 3601 1865 3684 abduffl
1918 3630 1947 3701 3
2078 3605 2271 3687 e-lsus
2322 3606 2581 3691 averso
2628 3606 2903 3689 itinere
2951 3606 3070 3688 in‘
3105 3604 3440 3686 Patriam
3484 3626 3582 3684 re-

891 3749 951 3794 „
998 3730 1136 3787 'vel'
1171 3730 1257 3784 ὓς
1309 3732 1349 3784 e
1430 3763 1450 3783 .

994 3806 1522 3903 „Mirabilius
1568 3808 1747 3891 sane
1789 3808 2477 3911 alterius-ejusdem
2517 3812 3029 3914 praedifflonis
3067 3811 3584 3916 complemen-

890 3951 950 3996 ‚‚
1001 3926 1167 3988 tum
1211 3967 1231 3987 .
1310 3910 1527 3989 Dum
1601 3909 1684 3989 in
1739 3910 1988 3991 Patria
2043 3913 2335 3995 Persico
2390 3917 2460 3996 se
2513 3918 2944 4019 accingeret
3000 3915 3266 3995 itineri
3309 3968 3338 4031 2
3379 3904 3584 4013 patri

850 4052 946 4097 .„
999 4007 1157 4087 seni
1209 4010 1557 4108 dolenti,
1605 4010 1683 4091 8(
1732 4036 1879 4092 con
1933 4016 2286 4114 uerenti,
2334 4018 2538 4120 quod
2593 4019 2673 4099 in
2727 4019 2999 4100 mortis
3050 4015 3412 4120 angustus
3464 4009 3584 4089 de·

892 4156 948 4202 ,2
1000 4109 1342 4189 futurum
1396 4133 1556 4191 erat
1610 4113 1943 4216 religio:
1975 4115 2139 4195 filii
2192 4120 2567 4200 auxilium
2612 4176 2640 4218 ,
2709 4121 2786 4201 8(
2836 4141 3356 4224 opportunum
3409 4136 3588 4193 con-

891 4258 950 4303 „
1000 4209 1251 4289 filium
1292 4265 1319 4307 ,
1388 4211 1607 4292 firma
1661 4215 2052 4316 sponsione
2098 4220 2444 4321 promisit
2518 4223 2591 4301 se
2642 4222 3079 4302 adfuturum
3127 4279 3145 4299 .
3227 4221 3350 4299 Eo
3401 4238 3586 4331 veto

890 4360 949 4406 ,‚
998 4332 1343 4413 tempore
1382 4367 1410 4412 ,
1457 4338 1614 4418 quo
1669 4317 1890 4398 Pater
1936 4320 2036 4397 ad
2089 4323 3002 4405 mortem-infirmabatur
3057 4319 3450 4401 Matelicae
3502 4339 3592 4393 ιιι

892 4461 950 4545 ’.’
1003 4414 1333 4514 Piceno,
1381 4416 1933 4504 conscendebat
1986 4422 2322 4507 Gentilis
2371 4444 2550 4507 oum
2603 4428 2910 4527 praefato
2949 4419 3592 4605 CornariotMon-

1148 4554 1159 4565 ’
3225 4579 3285 4627 „
3359 4545 3488 4604 em
