3884 5342
1074 420 1242 511 2108
1456 403 3023 499 ·D13Mowas⁴rssx1o

947 561 1527 674 praeceptoribus
1579 556 1786 638 daret
1836 577 2192 665 operam,
2239 553 2331 632 ad
2384 577 2549 636 eam
2606 551 3016 632 studiorum
3069 545 3598 651 persea-ionem

948 668 1364 775 pervenit,
1436 681 1521 741 ut
1593 652 1808 734 brevi
1879 654 2057 751 Juris
2110 654 2498 756 utriusque
2569 655 2899 732 lauream
2955 650 3244 729 Patavii
3318 654 3603 736 summa

948 797 1128 852 cum
1179 768 1397 847 laude
1448 752 1865 839 obtinuerit
1901 813 1927 836 .
1986 755 2103 844 ‘Et
2156 753 2207 834 fi
2261 779 2440 833 vero
2496 773 2677 833 tune
2730 750 3089 853 temporis
3142 751 3339 831 visus
3391 753 3481 832 fit
3528 755 3605 838 iu

946 897 1029 961 te
1082 861 1531 962 litteratoria
1602 855 2004 955 discipulus
2039 907 2069 950 ,
2140 854 2415 956 primas
2470 877 2725 935 tamen
2799 855 2880 932 in
2937 849 3273 953 palaestrae
3311 851 3603 936 virtutis

946 971 1233 1070 semper
1286 961 1532 1044 tenuit
1571 985 1598 1051 t,
1643 956 1971 1053 ideoque
2022 980 2276 1037 rerum
2330 954 2832 1058 spiritualium
2888 952 3180 1032 Dofiior
3218 1007 3249 1048 ,
3299 979 3386 1032 ac
3444 954 3599 1034 Ma·

1002 1069 1169 1161 ister
1219 1057 1586 1162 constanti
1637 1056 1986 1136 omnium
2037 1082 2086 1135 o
2142 1055 2400 1140 ‘nione
2447 1057 2739 1150 audiit,
2790 1054 2991 1155 quod
3044 1053 3117 1131 ei
3171 1077 3456 1133 nomen
3494 1057 3602 1136 ad-

945 1095 1306 1270 }ct-iptum
1351 1161 1492 1250 infi
1550 1159 1664 1239 nis
1716 1183 1895 1248 cum
1949 1157 2073 1236 san
2154 1155 2459 1238 imoniae
2505 1156 2707 1235 sama
2762 1153 3128 1257 praecipue
3183 1152 3382 1250 fuit,
3432 1157 3605 1256 post·

951 1294 1180 1371 quarn
1234 1268 1304 1346 se
1360 1290 1461 1344 no
1527 1286 1619 1340 rae
1669 1256 2067 1359 Religioni
2120 1257 2633 1359 mancipavit3
2684 1276 2988 1357 eratque
3028 1255 3604 1355 discipulorum,

949 1370 1225 1472 quibus
1275 1368 1359 1446 in
1411 1363 1538 1443 via
1585 1359 1845 1439 salutis
1894 1357 2136 1438 facem
2180 1358 2657 1461 praeferebat‚
2707 1380 3121 1455 eorumque
3140 1357 3453 1456 regebat
3474 1357 3609 1435 ani-

954 1495 1173 1568 mos,
1225 1489 1379 1549 tarn
1433 1488 1528 1572 ex
1575 1459 2058 1542 Nostratibus
2095 1515 2124 1558 ,
2173 1484 2400 1562 quam
2455 1459 2780 1539 aliorum
2835 1456 3214 1537 Ordinum
3266 1482 3357 1538 ac
3412 1458 3614 1538 saecua

945 1570 1225 1654 larium
1269 1569 1620 1650 -virorum
1660 1618 1688 1661 ,
1761 1587 1904 1656 nec
1966 1587 2125 1641 non
2170 1560 2642 1642 Monialium
2681 1616 2709 1660 ‚
2777 1577 3004 1660 atque
3078 1557 3332 1643 omnis
3404 1556 3607 1640 status

940 1673 1360 1754 mulierum
1399 1667 1668 1766 ingens
1710 1661 1948 1749 ferme
1990 1687 2389 1742 numerus.

1049 1774 1399 1852 Tantum
1451 1792 1634 1845 vero
1687 1763 1887 1842 abest
1925 1817 1956 1859 ,
2004 1783 2089 1842 ut
2143 1764 2417 1844 noxius
2468 1763 2823 1846 doetrinae
2879 1786 3109 1867 vapor
3160 1762 3318 1861 eius
3368 1759 3454 1841 in
3498 1783 3609 1863 pe·

949 1868 1157 1954 &ore
1196 1869 1488 1950 sensum
1523 1863 1832 1981 pietatis
1882 1862 2326 1978 extinguere
2384 1865 2759 1967 potuerit,
2805 1884 2896 1945 .ut
2950 1890 3046 1944 ne
3069 1861 3605 1965 afflaveritqui·

945 1974 1163 2055 dem.
1211 1970 1393 2055 Huc
1445 1991 1654 2057 enim
1709 1989 1891 2050 vero
1943 1990 2101 2065 etus
2154 1985 2403 2056 totum
2460 1968 2821 2048 evocabat
2871 1964 3270 2066 ingenium
3310 2018 3339 2061 ,
3392 1985 3481 2043 ut
3526 1962 3607 2040 as·

948 2073 1152 2154 fidue
1206 2090 1505 2155 vacaret
1557 2064 1978 2155 coelestium
2030 2091 2341 2166 operum
2401 2065 2943 2164 Meditationi,
2994 2085 3080 2145 ut
3134 2067 3395 2144 Deum
3452 2066 3619 2143 sem·-

942 2199 1078 2277 per
1132 2172 1440 2261 haberet
1493 2194 1641 2272 prae
1691 2165 1934 2247 oculis
1976 2220 2003 2262 ,
2056 2187 2140 2245 ut
2191 2167 2285 2245 de
2342 2166 2680 2268 Virginis
2737 2169 3083 2268 Deiparae
3128 2165 3602 2245 Immaculata

944 2272 1532 2375 conceptione,
1584 2267 1841 2370 gratiae
1894 2266 2370 2366 plenitudine
2411 2322 2438 2364 ,
2493 2293 2578 2348 ac
2631 2268 2874 2368 glor-ia
2925 2268 3349 2348 sermonem
3408 2264 3603 2346 infer-

947 2397 1108 2471 tet,
1158 2402 1203 2453 a
1255 2371 1544 2460 cunfflis
1596 2393 1777 2450 cum
1825 2365 2143 2445 Christo
2192 2368 2702 2468 diligendam,
2754 2370 3413 2470 venerandamque
3465 2392 3604 2468 pro·

947 2495 1264 2575 poneret
1294 2501 1333 2569 5
1384 2474 1454 2552 se
1512 2497 1608 2554 ue
1658 2489 1907 2552 totum
1956 2467 2281 2568 fingeret
2333 2469 2426 2548 ad
2475 2471 2821 2569 Supremi
2867 2469 3233 2555 Numinis
3284 2471 3610 2549 volunta·

953 2597 1159 2674 tem,
1210 2575 1400 2654 adeo
1451 2571 1571 2652 ili
1603 2597 1820 2662 ‚curae
1871 2590 2031 2662 erat
2084 2570 2450 2653 virtutem
2504 2598 2682 2653 cum
2738 2572 3045 2653 scientia
3091 2570 3393 2673 pacisci.

1048 2679 1162 2757 Ut
1215 2701 1400 2757 vero
1448 2701 1493 2754 a
1543 2670 1996 2753 Coelestium
2050 2674 2699 2776 contemplatione
2752 2701 2890 2756 nec
2944 2675 3032 2752 ad
3088 2671 3501 2752 minimum
3548 2669 3615 2748 se

952 2777 1359 2859 diverteret
1394 2831 1420 2874 ,
1471 2798 1727 2857 coram
1779 2774 2155 2854 Crucifixi
2231 2776 2567 2877 imagine
2632 2778 2851 2857 flexis
2904 2794 2987 2858 ut
3042 2773 3460 2879 plurimum
3511 2795 3617 2871 ge-

949 2879 1225 2977 nibuS,
1274 2876 1676 2973 humanis,
1725 2901 1814 2955 ac
1866 2874 2093 2957 sacris
2146 2875 2420 2957 litteris
2473 2877 2759 2960 studere
2812 2878 3355 2970 consueverat,
3409 2874 3611 2952 inter-

950 2979 1204 3082 pofitis
1254 2980 1544 3082 semper
1594 2977 1910 3074 multis,
1961 2975 2336 3079 variisque
2444 2978 2692 3060 ietatis
2744 3005 2829 3059 ac
2884 2976 3321 3079 religionis,
3379 2971 3610 3077 praeci-

947 3106 1098 3179 pue
1143 3106 1336 3161 -vero
1408 3078 1686 3166 amoris
1739 3076 1821 3155 in
1871 3075 2365 3157 Christum‘a
2445 3078 2615 3161 ibus
2658 3138 2677 3157 .
2751 3081 2925 3160 Hoc
2980 3102 3235 3158 autem
3289 3071 3618 3156 studendi

948 3181 1226 3275 modo,
1277 3205 1363 3259 ac
1414 3175 1832 3258 meditandi
1885 3174 2105 3257 timul
2157 3177 2418 3257 divina
2461 3235 2488 3275 ,
2540 3207 2633 3260 eo
2684 3181 3019 3262 Numini
3074 3178 3359 3281 placuit
3410 3180 3635 3278 Inane

948 3305 1132 3375 nes,
1184 3300 1270 3358 ut
1319 3279 1693 3360 nosturno
1747 3299 2086 3377 ternpore
2141 3278 2353 3357 omni
2410 3280 2555 3359 alia
2607 3281 2893 3381 abjeaa
2945 3285 3115 3362 luce
3157 3337 3183 3380 ,
3236 3282 3327 3360 ad
3379 3302 3545 3356 eam
3593 3328 3616 3372 ,

1003 3406 1113 3458 uae
1163 3400 1390 3466 auen
1440 3377 1819 3460 Crucifixi
1869 3376 2203 3478 imagine
2258 3384 2751 3481 procedebat,
2802 3404 2935 3463 aut
2987 3386 3083 3462 ab
3136 3380 3442 3483 Angelo
3481 3381 3626 3458 Cu·

919 3575 926 3578 ,
986 3482 1200 3597 ‚ode,
1248 3480 1460 3583 cujus
1510 3478 1804 3599 aspec‘cu
1857 3479 2371 3583 persaepiffime
2406 3483 2840 3582 fruebatur,
2887 3482 3178 3566 studere
3200 3481 3437 3564 ferme
3461 3503 3625 3562 con·

923 3601 1170 3680 ‚unuo
1217 3603 1626 3665 meruerit.

977 3753 982 3762 .
1048 3681 1506 3767 Animarum
1562 3702 1815 3767 autem
1871 3683 2094 3765 saluti
2145 3686 2386 3787 magis
2439 3687 2780 3786 studens,
2831 3709 2919 3768 ut
2969 3686 3047 3769 id
3099 3688 3250 3768 fine
3304 3686 3475 3766 ullo
3496 3685 3627 3765 ‘rm-

942 3785 1384 3883 pedimento
1438 3807 1871 3888 perageret,
1918 3809 2367 3890 contempto
2419 3790 2710 3870 mundo
2750 3845 2777 3886 ,
2828 3789 3320 3890 Religionem
3370 3843 3394 3885 ‚
3464 3809 3625 3888 quae

943 3881 1166 3999 fimul
1217 3885 1292 3963 8<
1343 3885 1766 3966 coelestium
1838 3889 2470 3990 contemplationi
2531 3911 2893 3989 vacaret,
2962 3917 3049 3970 ac
3102 3890 3629 3994 proximorum

942 3982 1163 4061 saluti
1219 3990 1741 4082 incumberet,
1793 3984 2089 4085 ingredi
2142 3988 2552 4090 cogitavit.
2610 3996 2994 4092 Quartum
3019 3993 3406 4072 decimum
3428 4012 3627 4069 com-

944 4083 1280 4200 pleverat
1333 4112 1616 4166 annum
1659 4141 1688 4185 ,
1758 4111 1934 4165 curn
1994 4090 2185 4170 hanc
2237 4090 2394 4190 ejus
2466 4112 2804 4173 mentem
2858 4093 3207 4173 Antistiti
3260 4091 3559 4191 aperuit
3604 4142 3631 4185 ,

947 4209 1080 4286 qui
1134 4212 1472 4286 annuens
1545 4187 1796 4267 saneto
1872 4188 2053 4271 huic
2106 4193 2421 4291 Juvenis
2493 4194 2872 4297 propofito
2945 4221 3122 4274 curn
3178 4221 3221 4270 a
3277 4197 3453 4272 Deo
3509 4213 3631 4270 ex·

942 4285 1400 4386 poscendum
1468 4288 1879 4369 subdiderit
1924 4346 1951 4388 ,
2026 4294 2555 4400 ut,inspiraret
2594 4349 2621 4391 ,
2692 4295 2819 4376 cui
2873 4319 2967 4375 ex
3020 4294 3441 4376 Ordinibus
3490 4318 3627 4372 no-

931 4409 1125 4470 ·men
1193 4391 1364 4480 dare
1436 4389 1677 4493 magis
1750 4389 1868 4473 illi
1920 4395 2372 4496 placuerit,
2442 4422 2528 4477 ac
2603 4395 2830 4481 fuerit
2902 4397 3180 4480 diviuae
3252 4397 3424 4574 suaef
3452 4418 3633 4475 con·

3410 4520 3537 4575 or·
