3884 5342
3329 254 3424 295 οὗ·

994 382 1105 460 60
1472 371 1670 457 Dn
1796 369 2924 450 Mortis-rante>

840 527 1354 607 Maurocenus
1405 517 1712 619 ingenio
1749 574 1778 616 ‚
1826 517 1904 599 8<
1953 514 2380 597 eruditione
2423 513 3042 619 praestantifflmus
3075 534 3328 617 'quum
3381 515 3532 619 piis

843 626 1027 705 viris
1081 621 1319 701 veteri
1372 619 1546 698 esset
1600 618 2136 701 necessitudine
2187 615 2627 714 conjunc’tus
2681 615 2846 718 ipfis
2870 616 3353 697 aemulatione
3377 619 3530 698 vir·

831 726 1025 805 ‘tutis
1075 725 1361 824 primus
1430 719 1729 799 adhaefit
1767 779 1786 796 .
1863 721 2114 821 Ipsum
2189 720 2540 818 sequutus
2591 714 2695 797 est
2749 717 3101 809 Marinus
3154 718 3534 818 Quirinus

838 829 914 905 8<
967 840 1277 903 morum·
1324 818 1813 899 sanctimonia
1849 875 1878 917 ‚
1930 821 2005 899 &
2057 817 2394 899 doctrina
2444 815 2928 913 clariffimuS‚
2979 817 3192 917 cujus
3241 842 3466 921 opera
3506 870 3535 914 ,
3587 822 3590 825 ’

836 928 913 1004 ἃ
963 924 1313 1021 exemplo
1366 922 1813 1000 Laurentius
1862 919 2320 1020 lastinianus
2369 918 2526 1017 ejus
2576 941 2670 999 ex
2721 918 2971 997 sorore
3023 938 3256 1018 nepos
3291 973 3318 1015 ‚
3391 918 3531 999 ful·

838 1023 1299 1126 gidiffimum
1354 1021 1635 1117 Urbis,
1684 1021 1962 1102 &Con
2019 1019 2421 1120 regationis
2475 1019 2699 1099 decus
2751 1040 2959 1097 novo
3007 1017 3353 1099 instituto
3404 1044 3536 1099 no-

839 1150 1020 1203 men
1070 1121 1318 1199 dedit.
1376 1121 1931 1201 Maurocenum
2053 1119 2476 1223 Quirinum
2531 1119 2812 1198 imitati
2834 1119 3058 1214 sunt,
3113 1119 3534 1199 Matthaeus

837 1227 931 1303 de
980 1225 1227 1301 Strata
1280 1220 1649 1319 Papienfis
1686 1276 1715 1318 ‚
1767 1224 2005 1302 Lucas
2056 1221 2148 1300 de
2199 1220 2371 1299 Este
2411 1275 2440 1317 ‚
2492 1220 2815 1321 Joannes
2868 1218 3318 1298 Picenardus
3371 1222 3534 1299 No·

840 1324 1019 1404 bilis
1069 1321 1603 1400 Cremonensis
1642 1376 1668 1417 ‚
1738 1323 1813 1401 8<
1865 1322 2300 1403 Franciscus
2370 1322 2655 1400 Barbus
2729 1321 3071 1400 Venetus
3147 1319 3396 1399 Marci
3450 1318 3534 1397 fi-

831 1425 1038 1516 lius,
1086 1421 1403 1521 egregiae
1459 1421 1762 1502 virtutis
1814 1423 1889 1501 8<
1942 1420 2342 1537 praestantis
2392 1418 2674 1501 indolis
2724 1419 3096 1518 juvenes.
3131 1419 3240 1498 Hi
3262 1443 3532 1499 omnes

838 1544 1020 1601 cum
1072 1522 1510 1605 vehementi
1536 1522 1812 1601 Divini
1834 1523 2159 1623 Spiritus
2209 1521 2464 1601 afflatu
2519 1541 3012 1623 urgerentur,
3065 1520 3528 1603 unanimiter

836 1622 929 1702 de
982 1619 1363 1721 statuenda
1416 1648 1614 1701 nova
1666 1623 2020 1703 societate
2061 1676 2089 1718 ‚
2141 1622 2224 1701 in
2267 1648 2415 1723 qua
2470 1624 2645 1705 Deo
2697 1621 3159 1718 conjunctim
3213 1620 3535 1699 deservi-

694 1768 727 1787 Α
834 1747 920 1802 re
971 1723 1307 1836 possent,
1357 1721 1755 1800 confilium
1809 1723 2189 1805 inierunt.
2249 1723 2589 1803 Primum
2645 1722 2750 1800 ita
2807 1748 2897 1802 ue
2928 1723 3011 1800 in
3036 1720 3348 1821 privatis
3377 1723 3529 1799 An-

833 1823 1036 1902 tonii
1084 1820 1428 1900 Coi-‘rarii
1483 1822 1762 1901 aedibus
1816 1848 1971 1904 non
2025 1824 2253 1924 longe
2305 1849 2349 1901 a
2401 1822 2592 1902 Divi
2612 1822 2746 1901 Bla
2776 1820 3534 1901 1iParochialiTem·

834 1924 969 2024 plo
1020 1942 1540 2001 convenerunt
1578 1975 1605 2018 ‚
1656 1922 1791 2001 ubi
1845 1922 2405 2039 precationibus
2456 1924 2530 2002 &
2571 1922 2867 2018 jejuniis
2918 1922 3189 2001 affidue
3237 1920 3537 2002 adhibi·

830 2022 932 2101 tis
948 2075 977 2120 ‚
1025 2020 1454 2101 institutum
1477 2046 1907 2103 communis
1930 2024 2105 2105 vitae
2125 2048 2363 2125 genus
2385 2023 2716 2124 profiteri
2739 2022 3055 2103 firmiter
3077 2021 3493 2101 statuerunt
3515 2076 3538 2099 .

829 2123 1131 2201 Interea
1186 2123 1543 2203 Venetiae
1591 2149 1637 2203 e
1684 2125 1927 2203 Curia
1977 2126 2325 2205 Romana
2373 2124 2813 2206 adventavit
2851 2123 3192 2223 Angelus
3216 2122 3538 2202 Patriar·

830 2222 983 2302 cha
1002 2221 1939 2325 constantinopolitanus,
1990 2226 2125 2326 qui
2176 2225 2763 2326 probatiffimam
2800 2221 3110 2303 vivendi
3134 2247 3530 2319 normam,

829 2346 1062 2423 quam
1116 2343 1476 2423 nepotem,
1527 2326 2003 2426 ipsorumque
2056 2326 2236 2405 socii
2290 2325 2692 2409 statuerant
2745 2350 2998 2406 coram
3053 2324 3462 2402 admiratus
3503 2377 3533 2418 ‚

828 2423 1259 2502 collaudato
1309 2423 1674 2521 confluo,
1721 2424 1910 2526 ipsos
1963 2449 2058 2504 ex
2106 2427 2514 2527 angustiori
2589 2428 2764 2509 loco
2815 2426 2907 2505 ad
2957 2426 3119 2503 suas
3172 2426 3360 2505 aedes
3412 2425 3538 2501 de·

824 2522 1087 2600 duxit.
1140 2524 1353 2601 Cum
1409 2549 1591 2603 vero
1644 2524 2110 2626 frequentior
2160 2527 2422 2629 populi
2477 2528 2796 2607 accessus
2850 2524 3213 2624 religiosa
3267 2524 3530 2604 solitu·

823 2621 1021 2701 dinis
1074 2622 1419 2703 instituto
1442 2622 1954 2726 importunior
1973 2627 2194 2723 esset,
2247 2627 2492 2707 visum
2517 2628 2666 2723 est,
2721 2624 3334 2725 Patriarchaipso
3356 2648 3534 2705 con·

820 2721 1118 2803 sensum
1188 2726 1613 2823 praebente,
1661 2725 2183 2808 ad-vetustum
2237 2730 2337 2807 D.
2393 2724 2705 2808 Nicolai
2755 2727 2847 2806 de
2898 2726 3191 2805 Littore
3242 2724 3534 2805 Coeno·

820 2820 1084 2920 bium,
1140 2825 1345 2928 quod
1399 2826 1965 2926 ingravescente
2014 2828 2496 2927 Januenfium
2552 2828 2759 2908 bello
2810 2826 2904 2905 ad
2956 2825 3310 2904 militaris
3363 2850 3531 2903 mu·

818 2922 1153 3003 nimenti
1205 2924 1527 3006 formam
1581 2926 1977 3008 reduetum
2028 2928 2317 3029 fuerat,
2366 2951 2755 3013 recentem
2806 2925 3173 3033 religiosa».
3211 2922 3532 3007 ‘militiae

819 3045 1203 3103 catervam
1256 3026 1669 3107 deducere.

728 3218 739 3227 ¹
927 3127 1021 3201 In
1073 3150 1168 3201 eo
1221 3124 1476 3227 itaque
1527 3128 1705 3208 loco
1754 3130 1937 3211 dum
1990 3132 2503 3235 spiritualibus
2523 3127 3243 3223 exercitationibus,
3293 3146 3527 3226 atque

748 3238 755 3244 '
823 3225 1278 3337 cpntinuato
1327 3227 1693 3309 orationis
1745 3230 1985 3313 studio
2057 3234 2479 3335 angelicam
2534 3230 2773 3311 vitam
2826 3251 3058 3335 agunt
3099 3282 3127 3324 ‚
3194 3226 3528 3306 Ludovi·

823 3346 958 3403 cus
1013 3323 1295 3441 Barbus
1345 3328 1844 3427 supralaudati
1898 3333 2272 3413 Francisci
2330 3333 2634 3429 Frater,
2685 3333 2816 3434 qui
2869 3337 3003 3434 (ut
3056 3327 3345 3409 dietum
3367 3324 3523 3423 est)

802 3422 1214 3544 poenobro
1266 3427 1337 3504 S.
1391 3431 1703 3531 Georgii
1757 3433 1852 3512 de
1903 3435 2103 3533 Alga
2155 3433 2804 3513 commendatario
2877 3433 3109 3511 titulo
3163 3446 3521 3531 praeerat,

816 3525 1153 3624 1psorum
1208 3526 1532 3642 pietate,
1584 3534 1660 3612 8<
1711 3533 2259 3614 consuetudine
2313 3558 2550 3650 usque
2601 3554 2695 3612 eo
2746 3554 3004 3632 captus
3055 3529 3208 3626 est,
3261 3551 3345 3609 ut
3401 3530 3520 3608 Im

716 3641 721 3647 ’
809 3622 1051 3739 sulam
1104 3625 1239 3706 fib1
1290 3635 1896 3713 commendatam
1949 3631 2312 3737 religiofis
2363 3633 2547 3714 viris
2599 3633 2683 3715 in
2724 3631 3352 3737 opportuniorem
3394 3629 3528 3708 ha·

815 3724 1267 3835 bitationem
1319 3732 1580 3833 sponte
1632 3732 2044 3813 obtulerit.
2501 3822 2508 3829 ,

890 3826 1337 3942 ,Prioratum
1393 3834 1600 3914 hunc
1651 3830 2320 3913 administrandum
2371 3836 2782 3939 susceperat
2836 3834 3269 3916 Ludovicus
3312 3859 3517 3913 anno

803 3944 1050 4040 artatis
1099 3931 1242 4015 suae
1295 3932 1660 4033 vigesimo
1698 3987 1727 4029 ‚
1800 3933 2005 4012 ultro
2058 3932 2436 4015 deferente
2488 3936 2881 4017 Bonifacio
2932 3935 3061 4015 IX.
3114 3935 3243 4016 cui
3295 3956 3516 4014 orna-

805 4027 1066 4109 tiffimi
1119 4031 1410 4126 juvenis
1466 4032 1786 4112 virtutes
1836 4033 1913 4112 &
1963 4033 2306 4113 doctrina
2357 4035 2854 4119 innotuerant
2891 4093 2919 4133 ‚
2969 4060 3200 4138 quem
3255 4058 3440 4117 mox
3482 4086 3513 4131 ‚

808 4148 902 4208 ut
952 4130 1318 4247 spscepit‚
1368 4158 1632 4213 omnes
1682 4131 1924 4212 animi
1975 4134 2091 4212 sui
2146 4158 2463 4218 conatus
2512 4165 2608 4219 eo
2628 4139 2950 4236 direxit,
3005 4159 3086 4215 ut
3111 4138 3370 4219 locum
3395 4136 3520 4214 de·

799 4228 1082 4312 sertum
1125 4287 1153 4329 ‚
1202 4253 1428 4334 atque
1481 4233 1912 4335 negleaum
1963 4235 2059 4314 ad
2112 4237 2265 4315 Dei
2319 4240 2615 4321 cultum
2641 4294 2683 4336 .‚
2756 4241 2833 4319 8<
2885 4238 3349 4339 regularium
3405 4235 3513 4314 vi·

802 4350 1066 4414 rorum
1119 4335 1542 4415 incolatum
1594 4335 2059 4419 restitueret.
2110 4340 2642 4437 Quamobrem
2693 4366 2861 4421 eam
2885 4340 3354 4520 occasiongn
3381 4362 3506 4417 na·

1004 4477 1021 4492 .
2882 4466 2887 4471 ·
3318 4461 3404 4520 us
