3884 5342
1052 446 1221 550 396
1540 431 3006 525 DssMoN'Asr-anto

921 590 1140 689 vire,
1188 589 1492 706 ‘ejusque
1552 589 1805 668 Matre
1860 563 2262 667 calumniis
2301 641 2328 684 ‚
2399 587 2472 664 8<
2526 585 2943 668 maledie’tis
2995 576 3413 696 labeffinu,
3457 579 3609 662 Di-

929 694 1188 772 vinam
1244 697 1619 771 ulttonem
1678 691 1757 767 in
1810 691 2056 789 capita
2112 688 2520 788 impiorum
2575 709 2924 767 ruentem
2980 688 3399 786 ingemuit.

1024 795 1282 872 Rebus
1336 792 1440 868 ita
1492 790 1764 867 divinae
1819 788 2305 891 protefflonis
2356 789 2559 867 dono
2611 787 3019 891 dispositis,
3070 783 3462 865 condustae
3483 785 3610 863 do-

926 916 1096 972 mus
1149 894 1241 969 ad
1299 890 1823 969 Monasterioli
1879 889 2200 969 formam
2256 889 2749 990 rediguntur,
2801 911 3028 1007 atque
3080 888 3423 988 adjacens
3464 887 3607 964 Ec-

923 991 1143 1073 clesia
1194 990 1652 1070 construitur
1724 990 2161 1107 perangusta
2268 990 2521 1073 uidem
2558 1044 2586 1088 ‚
2657 990 2780 1070 sed
2837 988 3248 1090 Virginurn
3309 984 3608 1067 necesti-

926 1093 1070 1171 tati
1110 1113 1536 1193 opportuna
1556 1144 1583 1185 .,
1634 1089 1717 1169 in
1739 1117 1886 1192 qua
1909 1093 2035 1171 dte
2057 1017 2681 1193 vigeffimaquinta
2706 1093 2924 1171 Febr.
2948 1090 3128 1171 anni
3161 1091 3608 1191 Mncxxut.

924 1192 1258 1294 optimus
1315 1191 1808 1271 Venetiarum
1868 1191 2299 1275 Patriarcha
2346 1195 2671 1294 Ioannes
2724 1192 3192 1295 Theupulus
3236 1187 3610 1271 calestem

927 1291 1252 1373 hostiam
1308 1294 1593 1393 primus
1644 1293 2132 1390 immolavit,
2181 1316 2410 1395 atque
2448 1295 2542 1373 ad
2583 1294 2739 1393 ejus
2762 1291 3425 1396 participationem
3448 1315 3611 1391 my-

926 1393 1131 1475 sterii
1185 1395 1606 1495 Angelam‚
1657 1394 1964 1496 ejusque
2015 1393 2207 1477 filias
2259 1421 2408 1496 prae
2450 1394 2726 1497 gaudio
2750 1397 3256 1498 lacrymantes
3275 1391 3612 1472 admifit.

1026 1496 1237 1575 Cum
1317 1521 1501 1575 vero
1549 1495 1714 1575 aliae
1768 1496 2127 1598 Virgines
2199 1520 2403 1578 novo
2453 1495 2819 1598 Collegio
2890 1493 3223 1576 associari
3297 1490 3614 1595 postula·

923 1618 1143 1691 rent,
1196 1594 1443 1673 visum
1496 1594 1601 1673 est
1655 1598 2019 1698 Angelae‚
2075 1620 2159 1678 ut
2212 1598 2456 1679 erefiia
2503 1593 3034 1698 Congregatio
3077 1650 3105 1693 ,
3154 1618 3321 1694 quae
3378 1594 3612 1673 nullis

922 1697 1150 1778 certis
1202 1695 1497 1797 legibus
1550 1700 1951 1795 utebatur,
2007 1698 2096 1775 ad
2144 1698 2298 1778 Dei
2348 1697 2672 1803 gloriam
2725 1697 2862 1778 sub
2916 1694 3616 1803 D.AugustiniRe·

921 1799 1106 1900 gula
1154 1798 1476 1899 propriis
1523 1798 2202 1887 constitutionibus
2250 1799 2332 1879 in
2389 1798 2943 1879 Monasterium
2997 1797 3419 1899 erigeretur
3450 1854 3472 1874 .
3529 1794 3618 1875 Id

926 1920 1019 1976 ut
1071 1898 1438 1998 praestaret
1492 1897 1865 1996 validius,
1912 1899 2285 1978 Coenobii
2328 1955 2355 1996 ‚
2406 1900 2481 1979 8<
2532 1897 2880 1980 Ecclefiae
2933 1897 3304 2000 angustias
3337 1952 3366 1996 ‚
3416 1922 3619 1975 nova

927 1999 1339 2077 molitione
1412 1999 1758 2101 ampliari
1834 2000 2222 2079 mandavit
2275 2055 2302 2098 ‚
2376 1999 2858 2102 primumque
2915 1998 3228 2102 Templi
3282 1998 3614 2102 lapidem

922 2100 1082 2182 ritu
1154 2100 1475 2179 solemni
1571 2100 1653 2179 in
1724 2100 2236 2181 fundamentis
2306 2101 2483 2199 jecit
2571 2100 2694 2181 die
2761 2099 3056 2182 decima
3129 2098 3353 2179 tertia
3422 2097 3614 2202 Julii

924 2200 1425 2281 Mncxxxttt.
1504 2200 1855 2303 Aloyfius
1910 2202 2357 2281 Novarinus
2411 2229 2453 2282 e
2505 2201 2839 2283 Clericis
2890 2200 3392 2303 Regularibus
3471 2199 3617 2280 Vir

928 2301 1267 2381 dofflrina
1306 2359 1335 2398 .,
1386 2303 1460 2380 &
1567 2298 1796 2382 ietate
1849 2301 2414 2403 spe‘fiatiffimus
2453 2358 2482 2399 ‚
2532 2302 2771 2406 deque
2827 2304 3123 2404 Angela
3159 2357 3188 2400 ‚
3238 2326 3399 2404 quae
3449 2299 3615 2399 eius

931 2405 1287 2481 utebatur
1339 2428 1488 2480 con
1519 2400 1719 2498 iliis,
1768 2404 2061 2503 optime
2112 2403 2477 2501 meritus3
2529 2402 2863 2485 Ecclefia
2917 2428 3100 2483 vero
3150 2403 3242 2482 ad
3295 2401 3407 2480 sui
3461 2426 3615 2503 per·

929 2501 1335 2582 sefi’tionem
1391 2500 1710 2581 deduEta
1763 2504 2241 2604 subsequenti
2295 2530 2501 2583 anno
2573 2504 2696 2584 die
2749 2527 2960 2585 xxvt.
3011 2504 3197 2606 Julii
3250 2504 3388 2583 sub
3441 2508 3616 2605 prae·'

926 2603 1331 2682 clariffimo
1383 2603 1586 2703 Jesus
1640 2604 1713 2683 8(
1773 2605 2039 2683 Maria:
2094 2604 2327 2684 titulo
2381 2605 2694 2706 Divinis
2748 2604 3142 2708 Mysten-iis
3188 2605 3330 2685 rite
3379 2603 3467 2683 in
3520 2628 3616 2684 ea

923 2705 1374 2797 celebrati8‚
1426 2703 1779 2783 solemnis
1828 2704 2379 2787 benedietionis
2434 2733 2713 2790 munus
2766 2706 3103 2808 accepit.

1030 2802 1244 2884 Dum
1305 2805 1461 2884 haec
1515 2828 1891 2904 aguntur,
1942 2808 2172 2886 Soror
2220 2807 2381 2902 eius
2431 2804 2669 2887 Lucia
2723 2808 2966 2908 Virgo
3016 2804 3319 2886 eximiae
3353 2802 3622 2885 Virtu-

926 2902 1026 2988 tis
1078 2906 1417 2986 evolavit
1470 2907 1561 2984 ad
1616 2907 1964 3008 superos,
2015 2906 2176 3009 post
2214 2908 2430 3007 cujus
2472 2907 2737 2988 funera
2781 2930 2893 2989 tra
3003 2909 3198 2988 uillo
3220 2905 3483 2987 animo
3504 2931 3621 2987 ce·

925 3008 1217 3087 lebrata
1258 3062 1286 3105 ‚
1339 3007 1432 3083 ad
1482 3033 1571 3085 ea
1621 3062 1646 3101 ,
1689 3033 1854 3109 quae
1904 3008 2400 3091 consumandi
2452 3009 2700 3112 operis
2753 3035 2938 3091 nece
3027 3032 3140 3092 tas
3189 3009 3543 3111 exigebat
3587 3060 3617 3105 ‚

926 3110 1229 3207 Angela
1283 3108 1429 3185 sese
1479 3130 1934 3189 convertens
1979 3163 2008 3207 ‚
2067 3110 2473 3212 impetrato
2527 3112 2730 3213 prius
2781 3113 3104 3214 publicae
3155 3108 3619 3191 austeritatis

922 3210 1213 3286 assensu
1266 3207 1474 3284 Sedis
1512 3209 1961 3307 Apostolicae
2015 3211 2563 3311 benignitatem
2618 3213 3082 3316 supplicibus
3131 3211 3483 3292 exoravit
3534 3208 3642 3289 li:

929 3309 1154 3389 bellis
1186 3362 1218 3402 ,
1268 3330 1351 3386 ut
1405 3332 1447 3383 a
1500 3308 1573 3385 se
1628 3304 2059 3389 institutum
2114 3312 2559 3412 Collegium
2603 3368 2632 3412 ‚
2703 3315 2908 3415 quod
2959 3315 3406 3417 opportunis
3457 3311 3617 3393 aedi-

927 3411 1119 3505 bus,
1169 3410 1243 3487 8<
1296 3409 1708 3488 neceffariis
1761 3411 2178 3492 redditibus
2231 3413 2672 3493 instrussum
2700 3436 2906 3513 erat,
2956 3416 3040 3495 in
3069 3412 3619 3496 Monasterium

928 3510 1068 3625 sub
1122 3509 1313 3589 Divi
1336 3509 1744 3626 Augustini
1769 3513 2064 3613 Regula
2114 3513 2258 3593 rite
2300 3517 2710 3616 approbare
2731 3516 3205 3619 dignaretur.
3259 3520 3460 3612 Res,
3502 3512 3624 3595 cui

926 3611 1079 3688 viri
1174 3633 1636 3709 caeteroqum
1784 3613 2140 3693 raviffimi
2228 3620 2501 3696 aeriter
2574 3618 3057 3705 obversantes
3154 3617 3550 3698 obstabant
3593 3666 3621 3711 ‚

928 3734 1167 3825 usque
1241 3737 1334 3789 eo
1373 3712 1637 3827 ‘dilata
1691 3638 1871 3813 θῇς
1929 3736 2016 3793 ut
2091 3715 2237 3814 jam
2313 3716 2628 3818 plurimi
2703 3719 3189 3801 hortarentur
3244 3717 3622 3835 Angelam

928 3814 1028 3926 ab
1079 3833 1431 3911 incoeptis
1483 3811 1817 3893 desistere
1858 3869 1888 3910 ‚
1937 3816 2300 3918 fiquidem
2350 3818 2583 3899 Card.
2639 3821 2999 3903 Ginettus
3050 3818 3450 3916 Pontifim,
3501 3841 3626 3897 cu-

926 3936 1043 4010 jus
1093 3933 1253 3991 erat
1311 3913 1658 3994 Vicarius
1697 3969 1725 4012 ,
1793 3919 1899 3995 ob
1953 3920 2334 4019 egregiam
2392 3919 2754 4019 pietatem
2809 3922 2895 4001 in
2955 3923 3221 4025 primis
3272 3940 3630 4023 acceptus

889 4037 1241 4121 ⁵onmem
1291 4038 1652 4095 conatum
1708 4015 1801 4094 ad
1852 4021 2172 4118 negotii‘
2226 4020 2774 4122 perseffionern·
2843 4023 3064 4105 irrito
3141 4026 3401 4104 labore
3452 4047 3628 4101 con·

923 4115 1267 4232 tulerat:
1322 4117 1483 4231 Sibi
1539 4137 1810 4232 tamen·
1851 4119 1932 4195 in
1988 4119 2359 4201 sententia
2432 4124 2777 4205 constans
2830 4126 2953 4228 pia
3007 4126 3304 4228 Virgo,
3356 4145 3627 4226 utpote

923 4239 1273 4296 mterlort
1326 4237 1659 4294 ammata
1710 4217 1976 4316 sptritu
2029 4221 2102 4299 se
2153 4222 2444 4304 Christi
2498 4227 2796 4306 causam
2849 4229 3189 4308 deserere
3247 4228 3455 4306 nolle
3515 4250 3624 4304 re-

925 4315 1272 4417 spondit,
1320 4340 1474 4418 quo
1524 4316 1926 4417 adjuvante
1978 4318 2309 4405 futuram
2362 4327 2436 4407 se
2492 4326 2657 4407 voti
2708 4352 3152 4433 compotem
3212 4328 3431 4410 brevi
3475 4326 3631 4430 spe·

3259 4433 3532 4510 rabat.
