3884 5342
779 439 856 524 S.
919 439 1405 534 Ntcotar
1471 462 1603 524 DE
1664 438 2398 526 Totam-rme.
2646 463 2804 527 201

289 639 298 646 -
359 587 554 671 Haec
597 590 778 672 -sane
825 613 1008 672 vota
1062 612 1216 673 tam
1261 587 1550 672 fincere
1619 586 1947 670 reddidit
1987 639 2015 682 ,
2076 606 2172 667 ut
2223 589 2309 669 in
2361 607 2707 671 extremo
2760 590 2938 671 vi'toe

271 689 708 773 discrimine
745 693 1078 796 pofituS,
1129 692 1532 775 certiorem
1583 689 1845 771 fecerit
1895 690 2216 769 Beatum
2270 693 2653 771 Andream
2709 695 2944 773 Avel-

272 791 572 890 linum,
608 794 750 896 -qui
793 815 974 875 tunc
1015 816 1175 875 erat
1227 796 1298 876 ei
1342 821 1385 875 a
1423 790 2041 888 confeffionibuS,
2078 791 2152 871 se
2174 791 2460 895 semper
2484 791 2747 871 stetiffe
2775 817 2942 893 pro·

273 892 503 972 miflis
543 948 570 988 ,
640 915 864 997 atque
914 895 1102 977 adeo
1155 896 1356 975 nihil
1410 918 1740 996 unquam
1793 894 2311 996 perpetraffe',
2368 893 2585 997 quod
2634 893 2939 993 maioris

270 992 751 1094 perfeetionis
799 998 1224 1097 persuasum
1280 1022 1433 1075 non
1484 994 1879 1076 habuerit.

361 1094 642 1194 Totius
692 1096 870 1178 vitae
922 1097 1230 1197 Ioannis
1283 1098 1502 1199 plene
1555 1095 1896 1177 conscius
1950 1094 2033 1174 B.
2087 1096 2428 1176 Andreas
2466 1149 2495 1192 ,
2565 1095 2761 1176 mira
2812 1119 2944 1197 po-

259 1191 468 1274 steris
511 1195 817 1276 tradidit
861 1198 954 1277 de
992 1199 1148 1295 ejus
1199 1197 1679 1300 integritate,
1731 1198 2104 1293 candore,
2157 1194 2646 1294 innocentia,
2697 1222 2785 1277 ac
2828 1196 2943 1275 vi·

259 1311 352 1371 tae
403 1293 489 1372 in
537 1297 755 1375 omni
813 1297 1186 1377 virtutum
1260 1325 1533 1400 genere
1590 1297 2092 1378 versatiffimae
2142 1296 2638 1377 sanffimonia
2676 1351 2707 1394 ,
2776 1322 2949 1397 qut

259 1392 622 1571 leffiuntur
673 1395 755 1473 in
805 1397 1251 1496 quibusdam
1310 1399 1614 1478 vetustis
1716 1395 2293 1479 uaternionibus
2333 1396 2675 1477 colleffls·
2722 1401 2822 1477 ab
2846 1398 2979 1477 Il·-x

255 1492 338 1572 lu
405 1493 688 1575 rissimo
743 1496 994 1578 nostro
1067 1500 1169 1578 D.
1216 1501 1315 1578 D.
1369 1499 1647 1578 Benedi
1730 1524 1777 1576 o
1831 1497 2207 1578 Mandina
2258 1499 2631 1598 Episcopo
2680 1499 2947 1578 Caser-

253 1592 491 1691 tenfi,
543 1595 618 1674 8(
671 1595 751 1675 in
801 1598 1003 1679 libro
1057 1599 1565 1701 manuscripto
1605 1598 1952 1701 digestis,
2002 1624 2232 1700 quem
2286 1596 2476 1678 Aeta
2498 1597 2946 1677 Sanctorum

254 1693 570 1773 Parrum
629 1697 1192 1780 Theatinorum
1249 1701 1535 1802 placuit
1586 1701 1963 1803 appellare
2017 1726 2044 1794 3
2097 1721 2320 1802 atque
2377 1699 2577 1778 inter
2631 1700 2872 1777 multa
2917 1751 2946 1796 ,

254 1817 420 1894 quae
463 1796 585 1875 ibi
639 1799 732 1878 de
786 1800 934 1882 hoc
988 1803 1284 1902 inclyto
1337 1799 1609 1883 Saneto
1661 1824 1758 1882 ex
1811 1800 1892 1879 B.
1926 1802 2234 1881 Andrea
2288 1799 2560 1879 tradita
2613 1824 2946 1880 comme-

255 1917 554 1992 morat,
607 1919 896 1980 tantam
949 1903 1190 1983 afferit
1248 1901 1454 1983 fuisse
1505 1902 1663 2001 eius
1717 1901 1891 1981 vitae
1934 1901 2509 1998 innocentiam,
2561 1921 2646 1980 ut
2701 1900 2780 1979 in
2806 1899 2947 2000 pri-

250 2016 382 2073 mo
423 2020 744 2099 ‚parente
798 2006 1092 2101 Adam,
1142 2006 1465 2106 joannes
1517 2002 1837 2083 minime
1863 2005 2185 2104 peccasse
2229 2002 2651 2081 videretur.
2710 2000 2946 2078 Enim

252 2116 439 2177 vero
494 2099 673 2183 teste
726 2103 807 2181 B.
853 2106 1158 2185 Andrea
1198 2160 1224 2202 ,
1281 2129 1671 2208 nunquam
1720 2105 2046 2205 Ioannes
2099 2104 2247 2183 suis
2301 2103 2383 2182 in
2435 2100 2945 2215 Confessioni-

254 2195 397 2275 bus
448 2224 732 2282 certam
781 2207 1243 2288 absolutioni
1293 2206 1690 2287 materiam
1743 2203 2057 2301 subjecit
2098 2259 2126 2302 ,
2197 2224 2452 2284 tant-us
2505 2222 2663 2281 erat
2700 2202 2944 2317 ‘hujus

253 2295 685 2409 sanEiiflimi
741 2306 908 2384 Viri
964 2308 1044 2387 ’m
1100 2308 1359 2388 Deum
1413 2333 1677 2405 amor,
1724 2306 1808 2386 in
1850 2304 2090 2386 animi
2143 2325 2399 2386 motus
2451 2303 2861 2406 imperium
2911 2355 2945 2400 ,

248 2419 332 2474 tn
391 2403 661 2481 mundi
716 2406 1143 2509 voluptates
1195 2410 1509 2507 odium,
1559 2409 1644 2487 in
1697 2408 2042 2508 linguam
2098 2404 2484 2502 froenum,
2531 2405 2612 2485 in
2651 2402 2948 2502 cordis,

250 2520 345 2574 ac
398 2502 682 2584 mentis
732 2507 1145 2590 custodiam
1198 2510 1636 2591 sollicitudo
1678 2565 1706 2608 ,
1776 2535 1862 2589 ac
1918 2509 2223 2587 tandem
2280 2528 2488 2586 tanta
2543 2504 2948 2620 leviffima-

250 2621 428 2677 rum
488 2603 719 2685 etiam
774 2635 1146 2690 noxarum
1222 2611 1615 2693 detestatio
1656 2665 1682 2708 ,
1757 2630 1840 2688 ut
1894 2636 1936 2687 a
1994 2610 2277 2709 peccati
2332 2609 2566 2689 etiam
2626 2625 2946 2704 nomme

239 2699 741 2801 abhorreret,
792 2713 980 2790 adeo
1034 2736 1118 2792 ut
1170 2713 1254 2792 in
1279 2713 1653 2793 vestibulo
1707 2709 1977 2789 frontis
2031 2728 2791 2809 pateret,squantu1n
2848 2707 2951 2785 ab

243 2821 356 2910 eo·
397 2814 620 2884 mens
671 2811 1194 2908 aversabatur,
1245 2812 1298 2889 st
1349 2812 1753 2911 aliquando
1805 2834 1902 2886 eo
1950 2809 2309 2908 praesente
2362 2808 2770 2906 contigerit
2815 2831 2950 2884 no-

244 2900 541 2979 mmari
586 2930 613 2996 3
662 2909 863 3006 quod
921 2910 1091 2988 sane
1143 2909 1637 2989 certiffimum
1692 2931 1847 2988 erat
1900 2907 2191 2989 fomitis
2243 2906 2559 2985 extincti
2603 2960 2631 3002 ,
2683 2931 2768 2983 ac
2823 2905 2951 2984 de·

247 2998 468 3076 rersae
519 3000 719 3083 labis
768 3029 863 3085 ex
890 3008 1335 3110 Protoplasti
1386 3009 1848 3112 cognatione
1892 3007 2296 3090 contraRae
2348 3026 2884 3107 argumentum
2920 3059 2951 3082 .

351 3106 822 3204 Nunquam,
876 3108 1057 3189 teste
1107 3113 1190 3189 Β.
1246 3113 1597 3207 Andrea,
1648 3111 1895 3191 carnis
1947 3108 2476 3190 titillationem
2523 3108 2609 3186 in
2658 3107 2735 3185 se
2786 3105 2950 3184 sen·

245 3196 390 3296 fit,
445 3227 588 3282 nec
639 3205 730 3284 ad
787 3209 1075 3290 bonum
1132 3237 1212 3292 re
1268 3211 1708 3313 ugnantiam
1749 3266 1777 3308 ,
1831 3210 1953 3292 sed
2003 3210 2254 3312 potius
2305 3206 2877 3312 propenfionem
2918 3257 2953 3305 ,

251 3311 554 3417 atque'a
576 3305 925 3390 Numine
977 3337 1178 3413 quen
1235 3337 1357 3393 am
1411 3313 1569 3413 ejus
1621 3312 2006 3392 voluntati
2028 3311 2463 3414 impositum
2519 3309 2949 3403 fervorem,

251 3426 339 3517 ae
398 3428 564 3483 vim
605 3461 633 3503 ,
687 3408 770 3486 in
821 3410 916 3490 iis
967 3414 1299 3495 maxime
1344 3469 1372 3512 ,
1418 3440 1583 3515 quae
1631 3414 1727 3492 ad
1782 3413 2145 3512 majorem
2201 3414 2355 3492 Dei
2408 3411 2729 3513 gloriam
2784 3432 2953 3510 per-

252 3522 505 3620 tinere
560 3510 1036 3609 agnosceret,
1090 3513 1394 3617 ejusque
1448 3517 1664 3615 super
1716 3514 1977 3593 omnia
2031 3512 2519 3592 dilec‘iionem
2563 3566 2590 3608 ,
2640 3536 2727 3591 ac
2778 3534 2951 3609 pro-

253 3626 646 3688 ximorum
699 3610 1066 3709 salutem,
1116 3615 1306 3717 quin
1362 3615 1594 3695 etiam
1650 3616 2132 3694 voluntatem
2175 3612 2452 3692 rationi
2495 3610 2952 3710 subjectam,

253 3726 484 3808 atque
559 3708 1002 3792 inferiorem
1078 3716 1480 3799 hominem
1556 3715 1925 3818 superiori
1978 3714 2365 3793 subditum
2407 3766 2435 3809 ,
2508 3711 2582 3788 8<
2632 3732 2954 3824 omnem

256 3806 513 3890 sensus
568 3813 1038 3913 voluptatem
1095 3816 1329 3898 ferme
1383 3816 1848 3914 extinfiiam,
1897 3842 1942 3895 a
1994 3812 2322 3918 pueritia
2374 3834 2607 3912 usque
2640 3811 2733 3890 acl
2774 3810 2953 3892 ulu-

253 3931 462 3989 mam
523 3912 986 3994 senefflutem
1043 3941 1393 4019 expertus
1443 3918 1768 3999 omnino
1819 3917 1967 3998 est.

353 4013 461 4092 Iis
520 4039 824 4118 quoque
878 4017 1125 4116 νοτὶς,
1175 4046 1341 4122 quae
1395 4021 1772 4101 sumendae
1817 4019 2094 4119 majori
2147 4037 2325 4099 ctam
2380 4012 2807 4097 reverentia
2828 4014 2955 4094 Sa·-

250 4134 398 4190 crae
420 4114 724 4197 Sinaxis
776 4144 1270 4230 conceperat,
1324 4121 1470 4198 alia
1522 4123 1769 4200 multa
1820 4120 2090 4217 adjecit
2144 4141 2368 4219 opera
2391 4116 2746 4227 pietatis,
2784 4137 2959 4226 quae

251 4232 338 4290 ut
394 4212 819 4298 festinatam
877 4221 1170 4323 ingenii
1224 4221 1745 4302 maturitatem
1788 4274 1820 4317 ,
1869 4220 1977 4297 ita
2030 4222 2572 4300 exuberantem
2625 4218 2949 4314 Spiritus

251 4310 513 4393 Sanc’ti
590 4317 670 4395 in
743 4345 838 4399 eo
887 4325 1208 4423 gratiam
1284 4321 1681 4404 clarissime
1733 4319 2347 4400 demonstrabant
2387 4374 2410 4398 .
2486 4319 2949 4411 Praeceperat

253 4411 507 4496 Matri
567 4417 721 4496 Dei
777 4423 1091 4503 nomine
1138 4427 1528 4526 Angelus,
1578 4442 1665 4505 ut
1715 4423 1810 4506 ad
1863 4420 2217 4521 corporis·
2250 4416 2817 4523 afflifiationem
2862 4432 2949 4487 ac

458 4523 679 4597 Tam.
724 4527 841 4598 VJ.
1932 4521 2076 4612 (ῖς
2674 4527 2853 4590 vttae
