3884 5342
850 400 927 482 S.
988 396 1476 484 N1coLA1
1545 421 1676 480 DE
1737 398 2468 480 ΤοιῈΝτῐΝο.
2698 409 2880 502 '237

470 542 762 625 Christi
812 539 1140 623 Domini
1195 539 1614 641 p'affionem·
1671 539 1872 618 sexta
1925 539 2107 621 feria
2158 543 2462 639 maioris
2515 542 3003 624 hebdoenadae

341 644 662 726 solemni
715 645 865 724 ritu
919 668 1094 723 cum
1147 642 1578 722 decantaret
1618 693 1646 733 ‚
1707 651 1862 740 'prae
1913 642 2161 722 nimio
2212 645 2475 725 dolore
2529 643 2944 744 lachrymis
2980 694 3012 737 ,

339 769 431 827 ac
484 746 927 849 singultibus
969 798 997 838 ,
1044 743 1319 844 quibus
1367 739 1839 821 afficiebatur
1879 796 1907 838 ,
1960 743 2091 822 vix
2144 748 2374 824 verba
2428 746 2758 848 proferre
2811 762 3017 844 pote·

335 866 457 926 rat
496 902 523 943 ,
577 849 760 928 adeo
813 865 897 924 ut
948 843 1244 940 dolori,
1295 868 1381 922 ac
1433 841 1850 942 lachrymis
1887 898 1915 938 ,
1985 866 2209 947 atque
2262 846 2711 947 singultibus
2759 844 3024 923 locum

333 947 546 1027 daret
590 1002 619 1045 ,
670 949 855 1048 saepe
904 943 1166 1047 sapius
1216 969 1385 1025 eam
1439 943 2049 1024 decantationem
2103 945 2650 1048 interrumpere
2705 946 3024 1043 cogeba-

337 1067 467 1128 tur
506 1103 527 1126 .
607 1051 712 1127 At
762 1071 940 1128 cum
993 1047 1086 1126 ad
1139 1070 1317 1126 eum
1374 1045 1632 1124 locum
1687 1068 2006 1124 ventum
2061 1045 2231 1143 est„
2302 1047 2436 1126 ubi
2491 1048 2883 1148 improbus
2934 1068 3023 1123 ac

335 1150 436 1227 ab
475 1148 840 1229 omnibus
897 1143 1178 1243 asseclis
1227 1146 1686 1226 execrandus
1727 1148 1948 1226 miles
1999 1145 2238 1227 Dedit
2283 1145 2356 1228 ei
2408 1139 2759 1246 alapam:
2814 1146 3028 1224 Deus

335 1249 538 1328 bone
601 1262 616 1331 !
687 1275 842 1351 quo
895 1248 1156 1328 dolore
1229 1247 1608 1350 perculsus
1676 1247 1782 1326 est
1850 1248 2175 1347 Joannes
2226 1253 2253 1329 ἓ
2324 1251 2413 1328 In
2486 1271 2761 1328 terram
2814 1244 3028 1326 enim

335 1347 590 1429 statim
645 1349 931 1430 corruit
986 1347 1518 1428 semimortuus
1559 1405 1579 1426 .
1656 1349 1778 1426 De
1833 1348 2157 1450 pastione
2230 1351 2322 1429 ad
2377 1348 3030 1451 populum·verba

338 1450 629 1530 faciens
680 1449 1091 1552 sanguineo
1142 1450 1408 1528 sudore
1482 1449 1564 1527 in
1614 1447 1967 1527 omnium
2019 1448 2429 1550 conspeetu
2474 1449 2776 1529 difluxit
2818 1502 2845 1545 ,
2920 1445 3028 1524 ita

341 1572 431 1628 ut
487 1550 802 1630 domum
860 1549 1194 1632 reversus
1247 1549 1582 1629 tunicam
1626 1603 1653 1646 ,
1709 1549 2137 1650 vestemque
2190 1550 2503 1629 mutarit
2538 1604 2563 1646 ,
2614 1547 3029 1650 quodsan‘·

394 1650 576 1730 uine
629 1673 943 1753 utraque
1000 1652 1424 1730 maderet
1474 1649 1649 1730 Alia
1699 1649 1933 1730 etiam
2005 1650 2091 1729 in
2142 1650 2519 1736 concione
2586 1674 2678 1730 eo
2729 1647 3031 1751 spiritus

407 1763 638 1831 'rvore
707 1751 1022 1832 Christo
1094 1752 1343 1832 infixa:
1416 1777 1714 1834 coronae
1789 1772 2166 1831 tormenta
2237 1750 2594 1854 expendit
2634 1806 2663 1846 ,
2737 1772 2821 1831 ut
2896 1748 3031 1826 suo

333 1854 571 1932 etiam
628 1854 859 1970 capiti
911 1854 1244 1954 spineam
1301 1852 1530 1932 aliam
1585 1851 1918 1932 infixerit
1975 1874 2182 1932 tanta
2235 1853 2363 1949 vi,
2417 1874 2499 1932 ut
2555 1850 2783 1953 spinis
2835 1847 3030 1930 illud

333 1953 896 2054 perforanttbus
971 1956 1266 2036 abunde
1340 1953 1636 2055 sanguis
1708 1953 2088 2034 effluxerit
2129 2009 2156 2052 ,
2232 1979 2319 2034 ac
2370 1953 2586 2034 finita
2659 1951 3029 2032 concione

329 2054 564 2136 facile
624 2082 776 2136 non
835 2055 1057 2136 suerit
1112 2081 1474 2137 coronam
1526 2055 1900 2134 evellere.
2658 2115 2665 2120 .

534 2182 635 2235 uo
685 2156 997 2236 Christo
1051 2156 1293 2258 magis
1345 2157 1846 2252 condolebat,
1896 2155 2104 2236 illius
2160 2156 2500 2254 dolores,
2553 2182 2640 2236 ac
2697 2174 3029 2237 mortem

333 2281 513 2336 aoer
570 2257 885 2340 iffimam
940 2258 1499 2360 contemplatus
1540 2311 1567 2354 ,
1619 2283 1713 2335 eo
1769 2256 2007 2358 magis
2058 2259 2417 2359 flagrabat
2471 2284 2559 2337 ea
2612 2259 2874 2338 omnia
2926 2254 3033 2332 su-

328 2355 659 2437 stinendi
711 2358 1110 2440 defiderio.
1165 2364 1428 2540 ssuare
1481 2357 1557 2437 id
1611 2358 1883 2459 jugiter
1936 2361 2209 2438 a.Deo
2264 2359 2752 2461 postulabam
2811 2361 3030 2456 saepe·

329 2482 489 2557 que
548 2459 716 2541 voti
764 2483 1074 2561 compos
1126 2487 1164 2539 e
1227 2460 1434 2539 cetus
1487 2459 1630 2538 fuit
1673 2517 1691 2535 .
1773 2460 2209 2540 Praesertim-
2241 2459 2537 2562 peracto
2587 2460 2695 2540 rei
2748 2456 3032 2540 divinae

321 2558 701 2674 mysterio
742 2597 804 2657 ,·
842 2584 1027 2644 tunc
1080 2561 1288 2646 enim
1343 2560 1478 2642 sibi
1532 2562 2816 2666 videbaturChristum.cernere,
2888 2555 3029 2659 qui

329 2661 654 2759 ipsemet
708 2665 864 2745 telo
894 2721 921 2764 ,
960 2692 1114 2768 quo
1166 2668 1362 2770 apud
1414 2664 1857 2747 Calvariam
1907 2664 2249 2744 confixus
2304 2664 2448 2745 fuit
2478 2663 2516 2758 ‘,
2571 2664 2779 2743 illius
2832 2663 3031 2741 latus

337 2763 795 2874 transigebat
841 2775 1007 2844 2‘ex
1061 2769 1583 2868 quo'vulnere
1638 2786 1793 2841 tam
1847 2767 2122 2842 acerbo
2175 2765 2648 2864 pungebatur
2699 2766 2960 2844 dolore
3003 2810 3033 2854 ,

332 2876 426 2934 ut
481 2883 814 2960 ingenue
864 2866 947 2941 B.
992 2869 1311 2944 Andreae
1368 2865 1722 2942 fateretur
1761 2916 1789 2959 ,
1844 2863 1981 2942 nisi
2033 2863 2277 2952 dolori
2318 2888 2545 2942 amor
2590 2862 3032 2940 'admiscere-

327 2973 467 3033 tur
490 3012 518 3052 ‚
565 2986 797 3061 quem
819 2964 1172 3045 Christus
1198 2963 1314 3046 illi
1335 2986 1520 3045 tunc
1541 2962 2163 3044 'communicabat
2184 3018 2213 3060 ,
2264 2987 2561 3066 unaque
2586 2962 3034 3043 desiderium

310 3056 558 3156 plura
609 3087 748 3162 pro
799 3062 941 3144 illo
991 3066 1461 3165 perferendi,
1511 3065 1673 3144 fieri
1729 3092 1886 3148 non
1939 3067 2186 3165 posse,
2238 3088 2323 3144 ut
2374 3089 2522 3167 prae
2574 3065 2836 3143 dolore
2873 3065 3032 3142 ndu

309 3161 897 3242 contabesceret
950 3219 968 3241 .
1037 3168 1254 3267 Saepe·
1299 3168 1376 3244 in
1419 3165 1772 3245 oratione
1846 3165 2290 3266 pernoctans
2362 3167 2455 3244 ad
2512 3171 2634 3244 Au
2694 3160 3033 3245 ustiffimi

323 3256 807 3373 §aeramenti
858 3289 1064 3343 aram
1118 3264 1623 3346 malleiic'tus
1677 3266 1891 3344 sensit
1933 3322 1965 3363 ,
2014 3269 2557 3369 clavorumque
2660 3269 2955 3346 olorem
3005 3317 3035 3360 ,

337 3367 524 3473 imo
568 3362 640 3438 8<
692 3363 789 3440 ab
840 3390 1001 3479 uno
1076 3365 1440 3466 Seraphin
1496 3367 1736 3447 Cruci
1793 3367 2002 3470 affigi
2045 3427 2064 3448 .
2140 3370 2345 3471 Saepe
2418 3368 2650 3447 etiam
2704 3369 3035 3446 Coronae

333 3459 617 3559 spineae
671 3466 1163 3544 acerbitatem
1218 3468 1454 3567 passus
1503 3468 1654 3561 est,
1706 3490 1824 3546 tot
1878 3468 1961 3547 in
2016 3468 2265 3564 fronte
2308 3467 2588 3548 relictis
2616 3467 3039 3561 vibicibus,

331 3581 423 3639 ut
485 3560 880 3677 Religiosis
929 3567 1181 3643 ansam
1239 3568 1634 3668 praebuerit
1689 3568 2003 3650 illorum
2054 3568 2370 3669 rogandi
2412 3569 2756 3665 causam,
2806 3590 3037 3669 quam

338 3682 608 3777 tamen
663 3664 812 3762 ipse
869 3667 1063 3744 nulli
1121 3688 1385 3766 praeter
1437 3669 1654 3748 suurn
1707 3669 2265 3750 Conseffarium
2322 3668 2711 3771 patefecit.
2902 3731 2913 3744 .

422 3762 738 3878 'Tribus
788 3785 964 3844 ante
1019 3770 1319 3846 obitum
1395 3770 1616 3849 annis
1689 3769 1995 3869 fingulis
2067 3772 2492 3872 quibusque
2545 3768 2751 3850 feriis
2802 3768 3030 3849 sextis

325 3865 681 3980 mirabili
735 3866 1055 3968 quadam
1087 3877 1214 3962 ‚ac'
1245 3871 1742 3952 occultissima
1800 3871 2145 3967 ratione,
2197 3871 2585 3952 universos
2618 3870 3037 3952 servatoris

333 3968 648 4065 Optimi
704 3991 1072 4070 angores,
1126 3974 1485 4070 verbera,
1535 3972 1959 4069 cruciatus,
2010 3983 2099 4053 ac‘
2121 3974 2398 4053 Crucis
2446 3973 2683 4053 etiam
2709 3994 3039 4053 tormen·

226 4135 244 4166 ,
338 4085 522 4179 tum
591 4067 947 4149 subibat:
1022 4097 1188 4171 quae
1238 4083 1514 4160 {tamen
1583 4075 1846 4172 omnia
1918 4074 2160 4153 tribus
2233 4075 2410 4153 vitae
2462 4075 2606 4152 suae
2678 4070 3040 4154 extremis

339 4167 618 4281 diebus
670 4170 942 4251 ac'riori
996 4172 1280 4262 doloris
1330 4176 1582 4253 morsu
1633 4191 1838 4253 eum·
1868 4172 2357 4275 perstrinxere
2399 4230 2425 4269 ,
2496 4177 2587 4250 ad
2640 4200 2726 4252 ea
2781 4195 3038 4250 tamen

339 4265 772 4382 sustinenda
825 4273 1121 4355 animos
1172 4273 1492 4355 faciebat
1549 4276 1858 4377 ipsemet
1916 4273 2351 4372 Dominus,
2402 4274 2537 4375 qui
2595 4275 2933 4372 plagatus
2954 4295 3041 4350 ac

345 4368 600 4447 Cruci
675 4372 941 4456 affixus
1013 4377 1326 4465 eitunc
1379 4376 1565 4480 saepe
1617 4376 1961 4479 apparuit
2003 4434 2023 4456 .
2102 4378 2324 4460 Unde
2400 4375 2721 4454 instante
2795 4392 3044 4551 morte

2846 4498 2945 4554 uo
