3884 5342
990 369 1160 502 144
1471 342 1678 467 ¹Da
1800 384 2954 485 MoNAsfrEn-1o

859 543 1205 642 insuper,
1259 554 1342 615 ut
1381 556 1516 632 per
1560 529 2020 632 vificatorem
2073 531 2184 611 sui
2237 529 2530 638 Qrdinis
2581 533 3104 630 visitarentur,
3151 530 3229 610 8<
3281 528 3385 611 ad
3428 540 3564 611 Sa-

862 662 1244 721 cramenta
1284 630 1764 737 ecclefiastica
1815 634 1923 713 eis
1977 632 2468 714 ministranda
2518 628 2754 735 aliqui
2775 643 3125 714 Fratrum
3151 632 3560 714 Minorum

734 799 742 807 ι
846 740 1165 831 „Ordinis
1217 738 1752 836 deputarentur
1804 737 1999 844 3⁸1ta
2052 735 2383 815 decrevit
2409 735 2760 816 Pontifex
2810 736 2933 818 die
2988 762 3060 814 v.
3115 734 3392 814 Martii
3432 760 3566 813 an-

862 869 964 921 no
1019 843 1379 919 Mccxm.
1404 836 1576 935 (C)
1614 836 1774 914 Has
1828 832 2380 932 mzmunitates‚
2430 835 2530 915 (9·
2568 836 3056 935 exemptiones
3104 861 3286 937 quas
3325 859 3583 941 emm-³

857 941 1083 1023 tiavit
1135 937 1588 1037 Gregorius,
1641 937 1789 1014 late
1842 934 2113 1014 deinde
2165 937 2518 1018 exhibuit
2572 940 3069 1019 Innocentius
3110 940 3248 1015 IV.
3301 938 3437 1036 qui
3479 937 3568 1015 in

857 1041 1031 1122 suis,
1077 1037 1527 1140 Apostolicis
1600 1036 1874 1116 litteris
1945 1034 2343 1137 Abbatiffae
2395 1035 2830 1141 Monasterii
2877 1047 2951 1118 δ’.
2996 1035 3267 1117 Mariae
3323 1038 3564 1135 juxta

853 1133 1217 1220 Canalem
1259 1160 1479 1236 prope
1526 1146 1592 1215 G
1599 1135 1874 1216 iratam
1926 1136 2215 1239 ejusque
2235 1131 2603 1219 Sororibus
2657 1135 2946 1239 incluſss
2969 1192 2999 1237 ‚
3039 1139 3313 1218 Romae
3366 1136 3566 1218 datis

862 1242 987 1322 die
1031 1261 1260 1318 xvm.
1317 1238 1517 1317 Maii
1572 1263 1774 1319 anno
1799 1234 2252 1319 Mcchvtt.
2307 1240 2506 1353 ipsas*
2532 1235 2940 1339 secundum
2975 1247 3222 1320 Deum
3335 1235 3439 1317 Θ·
3477 1245 3570 1315 Β.

860 1338 1241 1422 Βεπεάίἑῖὶ
1280 1334 1610 1436 regulam
1647 1395 1673 1434 ‚
1745 1361 1967 1450 atque
2023 1337 2554 1455 institutionem
2595 1336 3049 1422 Monialium
3108 1294 3584 1439 Ind'usarum

861 1441 1122 1522 sancti
1172 1438 1543 1520 Damiani
1590 1437 2000 1542 Affisinatts
2053 1463 2398 1524 viventes
2436 1497 2467 1538 ,
2538 1443 2621 1521 su
2724 1444 2856 1522 sua
2890 1498 2919 1539 ‚
2966 1443 3043 1523 8<
3091 1440 3326 1522 Beati.
3359 1437 3582 1517 Petri.

865 1540 1337 1646 proteffione
1390 1539 1716 1643 recepit,
1768 1541 2100 1642 dumque
2152 1541 2321 1643 ipfis
2370 1543 2572 1645 pluri
2658 1570 2701 1622 a
2752 1544 3049 1622 indulta
3090 1565 3185 1621 ex
3230 1539 3575 1640 benigni-

788 1671 811 1680 *
863 1665 1021 1726 tate
1075 1642 1483 1744 elargitur,
1534 1668 1656 1723 eas
1708 1643 1940 1722 etiam
1993 1666 2212 1724 exem
2270 1643 2563 1739 tiones,
2614 1640 3248 1723 &immunitates
3297 1639 3577 1722 confir-

865 1746 1157 1842 mavit,
1206 1771 1252 1822 a
1306 1746 1527 1823 Petro
1554 1743 1744 1822 Pinb
1767 1743 2147 1843 Episcopo
2264 1742 2619 1824 astellano
2673 1745 2962 1846 pridem
3009 1744 3388 1839 indultas,
3438 1739 3584 1857 qu}

871 1873 1077 1927 anno
1131 1847 1599 1923 Mccxxxvt.
1675 1844 1927 1923 mense
1969 1842 2179 1942 Julio
2235 1845 2329 1923 de
2390 1847 2747 1926 consensu
2790 1900 2818 1943 ‚
2868 1847 2943 1925 8<
3006 1847 3406 1925 voluntate
3458 1843 3577 1920 sut

870 1947 1221 2049 Capituli
1274 1943 1821 2024 Monasterium
1885 1944 1956 2023 S.
2013 1943 2284 2025 Mariae
2339 1942 2618 2027 Matris
2667 1946 3029 2044 Christi,
3100 1945 3183 2024 in
3234 1941 3578 2055 confinio

831 2139 835 2146 ‚
873 2052 948 2128 S.
984 2048 1260 2128 Crucis
1313 2043 1745 2145 dispofitum
1801 2042 1891 2122 ab
1934 2041 2138 2123 omni
2161 2044 2339 2141 jure
2356 2042 2815 2146 Episcopali,
2864 2039 3372 2144 &cujuslibet
3411 2069 3574 2126 con-

873 2146 1177 2229 ditionis
1227 2144 1670 2244 obligatione
1721 2143 2076 2226 liberavit
2115 2200 2144 2242 ‚
2192 2147 2269 2227 8<
2320 2147 2605 2230 exemit
2644 2153 2688 2244 ,⁸
2720 2144 3367 2228 consecrationem
3421 2164 3576 2230 tane

876 2250 1279 2331 tummodo
1332 2248 1727 2345 Ecclefiae‚
1778 2248 1850 2329 8<
1904 2247 2267 2329 Sororum
2335 2248 2570 2350 gratis
2636 2249 3100 2330 exhibendas
3135 2246 3306 2326 -fibi
3357 2246 3577 2326 reser-

877 2378 1115 2449 vans,
1167 2376 1540 2453 unamque
1594 2350 1869 2431 libram
1919 2371 2108 2432 cerae
2161 2347 2486 2434 statuens
2526 2347 2611 2431 in
2645 2346 2830 2432 festo
2873 2343 2950 2432 S.
2976 2347 3178 2430 Petri
3220 2371 3360 2449 pro
3400 2371 3572 2429 cen·

877 2452 963 2531 su
1014 2454 1411 2532 annuatim
1462 2452 1939 2534 solvendam.
2253 2487 2264 2496 ·

998 2556 1155 2634 Has
1209 2554 1442 2654 igitur
1493 2554 1905 2634 Castellani
1959 2556 2315 2661 Episcopi
2388 2561 2905 2663 exemptiones
2955 2583 3134 2642 cum
3186 2549 3575 2661 approbas-

876 2655 989 2734 set
1042 2654 1534 2735 Innocentius
1591 2656 1937 2735 Pontifex
1980 2714 2006 2755 ‚
2079 2659 2335 2739 statuit
2376 2713 2404 2756 ‚
2455 2680 2541 2740 ut
2594 2663 2697 2741 ad
2720 2659 3098 2759 judicium
3124 2677 3477 2760 pert-epte
3528 2675 3577 2728 a

875 2753 1065 2834 Sede
1102 2751 1516 2870 Apostolica
1554 2748 1922 2836 libertatis
1964 2787 2191 2837 unam
2233 2753 2510 2838 libram
2551 2788 2727 2843 cerae
2779 2762 2911 2842 fibi
2955 2818 2981 2857 ‚
3032 2762 3107 2840 8:
3159 2752 3574 2840 success'ori-

747 2929 750 2934 ,
876 2858 1018 2937 bus
1072 2878 1461 2946 annuatim
1512 2860 1802 2939 solvere
1858 2882 2299 2944 tenerentur
2337 2917 2356 2937 .
2410 2862 2437 2959 (
2480 2863 2560 2939 D
2602 2862 2631 2961 )
2687 2862 2885 2944 Aliis
2935 2864 3208 2943 deinde
3257 2858 3578 2958 aliisque

878 2958 1268 3039 beneficiis
1324 2960 1879 3039 Monasterium
1958 2964 2105 3042 hoc
2183 2961 2607 3043 cumulavit
2661 2964 3094 3044 Alexander
3151 2959 3501 3041 Pontifex
3548 2981 3580 3048 3
3623 2995 3630 3000 ·

878 3081 1030 3140 tres
1081 3060 1371 3139 etenim
1423 3061 1687 3140 adhuc
1723 3063 2107 3165 supersunt
2165 3062 2383 3164 ipsius
2439 3051 2829 3147 Pontifi'cis
2882 3062 3331 3167 Apostolicae
3380 3061 3584 3139 litte-

874 3186 1025 3257 rae,
1074 3185 1392 3262 quarum
1447 3186 1594 3241 una
1647 3163 1769 3241 die
1823 3186 2001 3241 vm.
2055 3163 2264 3263 Junii
2336 3188 2542 3241 anno
2597 3165 2928 3246 Mchv.
2981 3167 3152 3246 data
3207 3159 3584 3244 Monaste-

760 3351 767 3356 .
877 3261 1079 3341 rium
1134 3263 1490 3358 Sororum
1548 3265 2015 3342 Inclusarum
2073 3265 2140 3342 S.
2193 3265 2459 3342 Mariae
2517 3264 3140 3345 Matris·.Chsisti
3187 3265 3281 3344 de
3331 3264 3586 3342 Vene-

878 3363 1009 3442 tiis
1061 3366 1157 3442 ab
1208 3390 1434 3443 onere
1490 3366 1834 3443 solvendi
1886 3365 2261 3443 decimam
2317 3363 2407 3441 de
2448 3363 2650 3443 bonis
2692 3366 2882 3446 olim
2947 3363 3049 3444 ad
3088 3363 3332 3468 dotem
3431 3390 3600 3443 aco·-

880 3462 1069 3542 binae
1114 3458 1471 3543 Monialis
1525 3464 2080 3566 pertinentibus
2135 3490 2525 3565 exemptas
2574 3468 2715 3546 effe
2769 3466 3105 3548 decrevit
3132 3466 3325 3567 ,.(E
3401 3487 3583 3544 mox

877 3565 1001 3644 die
1048 3590 1168 3645 xv.
1227 3568 1612 3646 Februarii
1666 3593 1873 3645 anno
1894 3566 2291 3646 Mcctvn.
2345 3567 2481 3646 fibi
2535 3568 2867 3667 superius
2903 3568 3590 3648 enuntiatum‘cen·

874 3666 1039 3745 sum
1096 3694 1231 3770 pro
1284 3669 1673 3747 xenannis
1728 3667 2059 3745 solutum
2117 3667 2321 3747 fuisse
2377 3668 2742 3748 confeffus
2794 3668 2945 3765 est,
2989 3670 3159 3769 (F)
3207 3666 3590 3768 postremo

876 3768 1072 3846 datis
1144 3794 1345 3848 anno
1404 3770 1727 3847 Mcctx.
1799 3765 1919 3844 die
1978 3790 2220 3845 xxvtt.
2284 3768 2603 3858 Martii,
2658 3771 2988 3848 Thomae
3042 3773 3337 3848 Franco
3411 3765 3592 3869 Epi-

878 3868 1104 3969 scopo
1156 3869 1593 3949 Castellano
1648 3866 2078 3966 patentibus
2135 3868 2406 3947 litteris
2459 3868 2706 3960 eidem
2763 3870 3156 3949 mandavit
3194 3924 3225 3967 ‚
3298 3891 3386 3949 ut
3441 3869 3595 3948 Ab·

878 3970 1157 4049 batiffae
1205 3970 1282 4047 8<
1332 3966 1784 4048 Conventui
1836 3969 1906 4044 S.
1969 3969 2236 4047 Mariae
2279 3970 2567 4048 ¹Matris
2620 3970 2960 4067 Christi,
3013 3970 3076 4048 sl·
3117 3972 3216 4048 ab
3268 3968 3438 4071 ipfis
3487 3991 3602 4048 re·

878 4071 1191 4172 quifitus
1215 4067 1490 4163 fuerit,
1526 4064 1618 4144 de
1626 4061 1853 4164 plano
1894 4065 2162 4167 &fine
2194 4068 2498 4171 strepitu
2524 4068 2801 4165 judicii
2844 4068 3125 4171 restitui
3163 4070 3442 4150 faceret
3484 4068 3600 4145 bo·

879 4198 1031 4268 na,
1087 4198 1134 4247 a
1184 4165 1676 4248 detentoribus
1724 4167 1993 4263 injuste
2046 4169 2646 4272 occupata(G)'.
2707 4171 3286 4250 Eadem-ferme
3340 4169 3598 4272 ipfiE-

935 4271 1192 4373 iscopo
1265 4268 1654 4347 mandavit
1727 4268 2085 4349 Urbanus
2143 4273 2277 4349 IV.
2354 4299 2560 4351 anno
2634 4272 3040 4351 Mcctx‘n.
3114 4273 3240 4350 die
3315 4293 3596 4350 xxvn.
3685 4279 3690 4284 ’

992 4372 1165 4454 artii
1220 4367 1687 4470 ampliffimis
1742 4372 1991 4453 verbis
2043 4373 2417 4470 hortans,
2467 4393 2552 4454 ut
2603 4372 3411 4551 intribulationibusg
3441 4368 3608 4469 qui-

1238 4491 1259 4498 “
1540 4505 1547 4508 *
2975 4489 2984 4496 ·
3416 4495 3505 4549 us
