3884 5342
852 270 1140 388 '324
1588 273 2753 360 DzEcctnsta

843 433 1013 509 dam
1077 427 1469 525 Presbyter
1522 421 1829 503 nomine
1856 425 1977 499 An
2033 421 2244 515 elus,
2292 421 2425 520 qui
2475 421 2670 500 Divi
2725 442 2993 519 corpus
3047 436 3334 500 attente
3372 421 3523 498 Ve-

846 530 1075 612 netiis
1115 527 1613 629 perscrutatus
1686 515 1878 599 illud
1926 548 1967 615 e
2022 548 2061 598 e
2114 518 2311 617 dixit
2348 577 2376 617 ‚
2448 518 2639 621 quod
2684 517 2986 599 viderat
3037 519 3116 597 in
3167 519 3526 619 Ughieria

834 656 973 733 per
1050 656 1273 727 tgna,
1323 654 1477 727 quae
1525 620 1733 701 vidit
1786 620 1864 699 in
1916 619 2081 722 ipsis
2131 619 2376 722 offibus
2417 679 2444 720 ‚
2495 622 2576 699 in
2627 650 2925 722 quorum
2978 650 3116 697 uno
3170 620 3368 699 dixit
3418 620 3520 720 es-

836 734 923 835 st
1006 726 1250 829 tgnale
1291 724 1508 828 pestis
1557 721 1825 802 babitae
1879 719 1960 799 in
2012 730 2233 800 Crure
2282 752 2377 799 ex
2425 722 2705 826 vifione
2753 720 3121 822 quadam,
3169 722 3269 801 Θ
3292 722 3530 815 ingre-

850 832 1057 913 diens
1109 848 1502 927 apparente
1552 824 1633 902 in
1684 824 1819 925 offe
1870 821 2095 901 cruris
2150 822 2448 924 praecifh
2487 880 2514 921 ‚
2584 846 2670 903 ut
2713 822 2924 903 vidit
2976 823 3053 898 in
3105 822 3460 920 [lybieria
3507 880 3531 899 .

856 933 1001 1013 Rei
1060 931 1514 1022 veritatem,
1564 951 1790 1026 quam
1846 949 1937 1003 ex
1991 923 2343 1025 diligenti
2396 926 2762 1006 examinis
2812 926 3329 1027 disquifitione
3385 925 3535 1004 ela-

856 1033 1132 1113 rissime
1207 1047 1674 1129 compererat
1750 1027 2077 1142 prudens
2121 1024 2579 1106 -Patriarcha
2635 1028 3152 1106 Decemvirali
3197 1052 3534 1137 -quoque

855 1131 1202 1214 Consilio
1258 1153 1384 1231 per
1438 1130 1599 1207 suas
1651 1127 1994 1228 epistolas
2049 1127 2516 1207 innotescere
2571 1129 2865 1223 voluit,
2916 1130 3035 1205 cui
3097 1129 3168 1207 8<
3223 1128 3533 1205 faculta-

862 1255 1016 1314 tem
1040 1232 1195 1310 alio
1218 1227 1796 1328 transmigrandi
1823 1227 2169 1307 sodalitio
2189 1231 2598 1309 concessam
2619 1254 2664 1308 a
2686 1230 2755 1308 se
2781 1229 2984 1307 fuiffe
3041 1227 3488 1329 significavit
3511 1285 3531 1304 .

961 1389 1015 1432 ‚,
1070 1332 1455 1432 Mapheus
1495 1329 1816 1409 Girardo
1859 1329 2335 1425 miseratione
2394 1331 2654 1410 divina
2703 1329 3128 1409 Patriarcha
3185 1329 3541 1407 Venetia-

856 1490 914 1537 „
965 1459 1134 1513 rum
1193 1431 1745 1531 Dalmatiaeque
1801 1431 2087 1511 Primas
2161 1451 2423 1510 tenore
2496 1433 2965 1533 praesentium
3003 1430 3543 1530 ·fignificamus

857 1593 913 1637 ‚‚
955 1535 1171 1615 vobis
1199 1532 1636 1633 Magnificis
1662 1532 2172 1634 D.Capitibus
2197 1533 2467 1611 Illustr.
2490 1532 2785 1612 Confili
2813 1534 2899 1611 X.
2921 1534 3250 1634 qualiter
3277 1557 3410 1632 per
3431 1556 3540 1625 ea,

859 1694 913 1737 „
964 1663 1126 1738 quae
1153 1634 1653 1714 habuimus&
1680 1634 2046 1713 habemus
2083 1635 2809 1735 corpus&reliquiae
2835 1633 3186 1713 S.Rochi
3230 1633 3539 1711 fuerunt

862 1795 916 1837 „
968 1739 1240 1817 oblatae
1263 1736 1551 1815 deloco
1575 1734 1960 1834 Ughieriae
1984 1733 2362 1813 ubierant
2385 1735 2758 1831 conditae,
2806 1735 3053 1814 &hoc
3091 1756 3398 1813 certum
3425 1734 3542 1810 ha·

863 1896 917 1939 „
971 1842 1234 1919 bemus
1259 1862 1386 1936 per
1407 1861 1495 1914 ea
1512 1889 1538 1931 ‚
1587 1861 1751 1934 quae
1772 1834 2181 1914 habuimus
2207 1834 2547 1915 similiter
2568 1838 2644 1916 8(
2663 1837 3029 1915 habemus
3051 1835 3389 1913 existunt
3415 1888 3439 1929 ‚
3463 1833 3541 1911 in

867 1997 924 2036 „
977 1941 1171 2018 hanc
1193 1938 1484 2017 Urbem
1530 1936 1622 2013 ad
1662 1961 1886 2036 quam
1916 1935 2284 2015 habemus
2322 1940 2463 2017 effe
2486 1935 3006 2018 adduRa&de
3030 1937 3355 2036 presenti
3381 1937 3538 2016 effe.

874 2097 927 2139 „
977 2038 1320 2121 Ulterius
1341 2036 1841 2140 significamus
1869 2037 2133 2137 Magn.
2161 2037 2369 2118 Viris
2388 2092 2416 2134 ‚
2456 2040 2657 2139 quod
2679 2039 3021 2117 dedimus
3043 2038 3431 2119 licentiam
3458 2035 3545 2114 il-

873 2198 927 2241 „
978 2142 1070 2223 lis
1093 2143 1185 2219 de
1208 2140 1484 2220 Schola
1509 2193 1535 2234 ,
1577 2138 1651 2217 8<
1675 2139 2002 2217 maxime
2025 2139 2465 2219 Guardiano
2488 2143 2557 2218 S.
2583 2140 2835 2220 Rochi
2857 2195 2882 2235 ‚
2903 2142 3104 2241 quod
3131 2140 3362 2218 libere
3377 2136 3536 2237 po(-

882 2298 939 2343 ‚‚
987 2242 1129 2321 fint
1161 2242 1452 2321 diruere
1511 2239 1869 2317 fabricam
1927 2260 2168 2319 totam
2190 2244 2325 2318 effe
2353 2266 2634 2341 percos
2656 2242 3089 2320 fabricatam
3115 2241 3538 2320 deeleemo-

878 2399 931 2442 „
982 2342 1359 2444 synis‚'&
1415 2342 1799 2420 traducere
1852 2341 1947 2418 ad
1998 2344 2304 2439 locum,
2359 2341 2492 2421 ubi
2546 2340 3016 2422 fabricabunt
3072 2340 3478 2422 Ecclefiam
3513 2393 3594 2434 ‚-

828 2504 835 2509 =
878 2498 933 2541 „
982 2445 1058 2523 8<
1108 2441 1439 2544 lapides,
1489 2442 1563 2520 8<
1616 2442 1671 2520 li
1728 2468 1870 2539 na,
1920 2443 1997 2520 8<
2047 2443 2495 2523 ferramenta
2538 2498 2563 2541 ,
2614 2445 2688 2522 8<
2736 2444 3001 2523 omnia
3042 2499 3067 2540 ‚
3118 2469 3280 2545 quae
3331 2462 3554 2520 erant

877 2600 933 2642 „
986 2545 1066 2623 in
1124 2543 1363 2646 prima
1415 2544 1644 2624 Eccle
1677 2570 1745 2623 ia
1798 2544 1996 2647 apud
2048 2546 2342 2626 Fratres
2396 2544 2746 2627 Minores
2795 2558 3123 2642 attento,
3169 2543 3372 2646 quod
3414 2542 3562 2621 illa

858 2700 934 2745 ‚„
983 2645 1316 2727 Ecclefia
1354 2673 1523 2726 non
1578 2668 1734 2726 erat
1787 2649 2253 2729 consacrata.
3461 2690 3482 2701 κ

896 2816 901 2823 .
982 2804 1037 2847 „
1088 2750 1385 2827 Datum
1440 2749 1524 2828 in
1578 2748 1827 2828 nostro
1881 2749 2372 2832 Patriarchali
2429 2753 2720 2834 Palatio
2790 2754 2911 2834 die
2967 2760 3033 2832 8.
3094 2748 3287 2831 Maii
3345 2754 3551 2849 1485.

986 2850 1295 2929 Author
1347 2850 1451 2928 est
1502 2853 1827 2930 Arturus
1879 2850 1961 2929 in
2018 2854 2220 2933 notis
2270 2856 2364 2933 ad
2417 2856 2630 2934 suum
2663 2854 3312 2955 Martyrologiurn
3339 2854 3552 2930 Fran-

882 2952 1264 3030 ciscanum
1341 2977 1608 3053 corpus
1682 2953 1753 3029 S.
1793 2953 2048 3031 Rochi
2116 2979 2207 3033 ex
2267 2955 2478 3036 Urbe
2548 2957 3122 3059 Monpefsulana
3167 2955 3546 3033 Arelatem

886 3052 1351 3130 authoritate
1420 3050 1853 3150 Apostolica
1926 3056 2371 3134 translatum
2448 3057 2722 3153 fuisse,
2795 3084 2997 3138 anno
3053 3058 3550 3135 Mccctxxn.

888 3177 1016 3252 per
1069 3153 1437 3248 Ioannem
1498 3152 1943 3251 Meingrum
2002 3156 2538 3250 Boncicaldum
2595 3161 2926 3240 Francia:
2982 3158 3559 3248 Marescallum‚

887 3252 1019 3352 qui
1075 3251 1269 3330 illud
1336 3250 1540 3331 dono
1614 3252 1819 3359 dedit
1871 3256 2271 3356 Religiofis
2324 3259 2445 3338 SS.
2507 3259 2913 3339 Trinitatis
2985 3253 3556 3360 Redemptionis

889 3350 1400 3452 Captivorum
1458 3353 1804 3465 (Gallice
1850 3355 2338 3457 Mathurini)
2388 3361 2847 3441 Conventus
2889 3360 3390 3455 Arelatenfis‚
3435 3353 3563 3435 ubi

890 3476 1111 3533 tanta
1149 3450 1572 3567 frequenna
1600 3448 1887 3534 solnm·
1921 3511 1951 3554 ‚
2003 3460 2159 3559 (ait
2214 3460 2412 3561 ipse)
2466 3483 2547 3538 ut
2597 3460 2800 3539 haud
2847 3459 3118 3538 mii-um
3158 3460 3263 3562 stt
3300 3458 3566 3567 fiquae3

890 3582 1028 3656 que
1078 3577 1408 3635 nattones
1448 3609 1476 3651 ‚
1545 3557 1645 3636 Θ·
1692 3581 1917 3654 regna
1990 3557 2222 3637 etiam
2293 3560 2764 3663 remottffima
2832 3563 3045 3664 hujus
3097 3557 3568 3663 sacratiffimr

891 3654 1197 3756 corporis
1232 3650 1645 3755 particulas
1689 3657 1721 3755 (
1761 3658 2116 3759 reliquias
2171 3661 2414 3761 postea
2469 3662 2921 3743 nominatim
2978 3663 3566 3742 enuntiatecor·

760 3770 767 3775 ⁴
893 3783 1082 3872 pore
1128 3759 1509 3857 decerptas
1548 3786 1601 3855 ‚·
1641 3761 1716 3840 &
1767 3759 2072 3840 diverfis
2144 3762 2332 3841 locis
2384 3764 2587 3843 dono
2639 3765 2843 3844 datas
2894 3764 2922 3862 )
2994 3765 3347 3845 certatim
3395 3784 3560 3840 exo-

897 3879 1180 3958 ptarmt
1224 3916 1242 3935 .
1297 3859 1482 3937 Haec
1536 3882 1748 3941 eruta
1818 3885 1914 3938 ex
1969 3862 2328 3941 Archivis
2380 3865 2839 3947 Conventus
2893 3867 3125 3946 Urbis
3180 3867 3565 3945 Arelaten-

897 3957 1034 4052 fis,
1082 3959 1161 4036 8<
1211 3957 1303 4037 ad
1355 3960 1428 4037 se
1480 3960 1615 4039 sub
1668 3961 1915 4061 figillo
1970 3963 2332 4042 trasmissa
2385 3963 2639 4061 fuisse,
2692 3967 3196 4067 Arturusipse
3221 3966 3558 4046 testatur.

899 4061 1391 4175 Documenta
1443 4086 1666 4161 porro
1721 4063 1880 4140 haec
1917 4114 1945 4159 ‚
1996 4089 2159 4164 quae
2223 4065 2548 4167 propitia
2584 4070 2798 4153 sorte
2841 4073 3168 4149 Arturus
3221 4066 3506 4168 accepit
3543 4119 3573 4161 ‚

899 4162 1087 4238 alios
1129 4161 1514 4241 latuerunt
1554 4161 1994 4245 clariffimos
2057 4165 2676 4267 Martyrologos·.

1005 4261 1494 4340 Cardinalem
1540 4262 1952 4342 Baronium
1995 4267 2367 4382 praecipue
2414 4268 2998 4349 laudatiffimum
3028 4265 3573 4371 Martyrologii

903 4363 1233 4443 Romani
1291 4361 1839 4460 correetore‘m,
1892 4391 2026 4466 qm
2088 4369 2179 4445 ad
2245 4365 2446 4446 diem
2490 4391 2650 4449 xv1.
2695 4372 3015 4474 Augusti
3078 4373 3338 4455 Rochi
3383 4395 3578 4454 corn·

3333 4498 3488 4557 me·
