3884 5342
1015 405 1175 463 222
1501 379 2964 494 Dr-:Moua-srrsnffo

884 530 1106 624 dem,
1155 527 1647 630 suspiriumve
1681 552 2034 630 unquam
2089 523 2378 617 emifit3
2430 523 2589 606 imo
2642 523 2724 604 in
2775 521 2870 602 iis
2911 515 3353 633 sustinendis
3390 540 3561 604 eam

885 630 1368 712 tolerantiam
1401 630 1882 726 exhibebat,
1935 651 2020 708 ut
2072 626 2299 706 illum
2352 626 2734 727 lapideum
2789 624 3167 703 crederes,
3222 613 3555 733 khncso·

886 732 1162 814 lemnis
1213 730 1332 810 illi
1385 732 1848 812 consuetudo
1899 726 2378 809 infirmitates
2418 730 2750 821 sororem
2795 726 3235 822 doloresque
3274 743 3561 802 annone

775 843 784 850 ’
881 833 1304 934 appellare.
1360 832 1722 912 Ischiadis
1775 830 2279 910 acutiffimum
2331 830 2673 908 dolorem
2713 882 2744 923 ‚
2812 850 3043 928 quem
3096 822 3381 902 multos
3430 843 3560 919 pet

888 958 1128 1012 annos
1180 934 1412 1032 passus
1463 931 1616 1027 est,
1669 953 1877 1013 tanta
1926 931 2168 1010 animi
2222 929 2775 1031 tranquillitate
2818 924 3181 1029 pertulit,
3232 942 3566 1021 utquam·

883 1034 1134 1133 doque
1188 1034 1542 1112 flentibus
1593 1059 1740 1134 prae
1791 1031 2445 1112 commiseratione
2494 1031 2926 1125 omnibus,
2978 1047 3172 1108 unus
3224 1023 3357 1102 ille
3412 1045 3564 1104 non

885 1135 1146 1215 fleret.
1198 1136 1615 1236 Nunquam
1674 1137 1929 1214 Deum
1983 1133 2421 1234 deprecatus
2470 1132 2624 1228 est,
2668 1152 2760 1210 ut
2810 1155 2988 1209 eum
3041 1128 3385 1206 dolorem
3434 1143 3565 1204 aut

889 1236 1342 1329 extolleret,
1389 1257 1520 1313 aut
1575 1236 1895 1329 leniret,
1948 1235 2070 1313 sed
2125 1255 2205 1313 ut
2258 1256 2620 1335 augeret,
2669 1252 3035 1333 exoptans
3085 1231 3378 1325 semper
3420 1247 3562 1304 ma-

890 1335 1056 1436 gis,
1104 1360 1191 1415 ac
1245 1336 1484 1435 magis
1538 1362 1674 1435 pro
1721 1334 2013 1414 Christi
2067 1361 2324 1414 amore
2378 1335 2532 1437 pati
2574 1391 2596 1412 .
2666 1335 2877 1413 Cum
2933 1355 3028 1410 ex
3080 1328 3566 1438 Medicorum

891 1437 1325 1539 praescripto
1397 1436 1756 1516 Ischiadis
1823 1436 2038 1517 causa
2105 1437 2435 1515 calidum
2513 1438 2770 1515 oleum
2842 1431 3363 1514 adhibendum
3451 1422 3569 1504 ilh

891 1539 1069 1618 effer
1110 1593 1137 1634 ‚
1190 1538 1786 1617 valetudinarius
1836 1539 2140 1618 incaute
2194 1536 2491 1616 fervens
2542 1536 2892 1615 adhibuit
2934 1591 2955 1613 .
3032 1535 3245 1611 Deus
3296 1531 3501 1607 bone
3546 1534 3565 1606 l

893 1641 1088 1738 Quo
1137 1638 1397 1718 dolore
1453 1640 1722 1740 pressus
1773 1639 1877 1717 est
1927 1641 2295 1739 Ioannes!
2346 1643 2542 1739 Quae
2596 1639 2906 1738 sequuta
2955 1634 3059 1711 est
3112 1633 3330 1735 plaga
3382 1650 3571 1741 acet·

894 1737 1327 1834 biffimnm,
1383 1741 2067 1840 vehementemque
2124 1740 2676 1833 manifestavit,
2726 1764 2812 1818 ac
2866 1738 3087 1837 plane
3141 1730 3573 1813 intolerabt-

893 1839 1050 1953 lem
1095 1895 1116 1916 .
1185 1839 1460 1919 Saneio
1513 1841 1678 1920 viro
1731 1840 2174 1935 indoluere,
2223 1840 2355 1940 qui
2406 1841 2758 1935 aderant,
2812 1838 3180 1922 illevero
3228 1832 3570 1940 dolorem

900 1963 985 2016 m
1037 1940 1262 2018 corde
1315 1940 1607 2042 pressit,
1659 1940 1734 2020 8(
1784 1939 1987 2041 quafi
2040 1941 2284 2020 sensus
2342 1941 2532 2021 foret
2584 1964 2844 2042 expers
2883 1994 2912 2034 ‚
2964 1938 3264 2017 vultum
3321 1933 3421 2011 ad
3472 1929 3575 2005 ht·

901 2038 1804 2221 laritatgmbcomposuiu
1855 2046 2043 2144 Quo
2093 2042 2301 2122 enim
2358 2042 2527 2144 plus
2579 2042 3051 2144 patiebatur,
3098 2062 3194 2117 eo
3228 2037 3429 2137 :plus
3458 2053 3573 2131 p&

909 2160 972 2219 ιι
1025 2168 1148 2219 am
1209 2169 1276 2221 re
1332 2164 1458 2222 at.

889 2275 902 2288 ·
1003 2243 1224 2322 Illius
1273 2246 1542 2322 cellam
1600 2243 1828 2324 semel
1883 2245 2243 2345 ingressus
2292 2246 2377 2325 B.
2424 2246 2805 2340 Andreas,
2856 2246 3229 2343 Ioannem
3283 2234 3573 2346 ploran»

879 2361 1080 2454 tem,
1111 2344 1412 2460 invenit
1448 2401 1470 2422 .
1523 2345 1883 2444 Cumque
1935 2349 2031 2424 ab
2084 2371 2176 2425 eo
2226 2369 2591 2449 quaereret
2644 2344 2985 2449 plorandi
3036 2339 3337 2421 causam
3372 2365 3415 2451 ,²
3461 2335 3567 2411 Ρι-

883 2445 1010 2537 ·lr‚
1055 2444 1490 2543 respondit,
1538 2470 1582 2522 a
1619 2445 2037 2545 lachrymis
2089 2469 2709 2547 cur-temperem,
2761 2446 3015 2526 fiDeo
3064 2461 3181 2520 tot
3219 2440 3578 2528 vocibus,

887 2543 1505 2659 :quot-doloribus
1525 2570 1613 2625 ac
1639 2545 2214 2647 aegritudinibus
2237 2573 2359 2627 me
2383 2551 2475 2628 ad
2496 2547 2832 2628 arffloris
2855 2546 3029 2624 vitae
3053 2540 3579 2649 rationem-‚ac

883 2645 1440 2740 poenitentiam
1486 2646 1833 2727 monenti
1879 2674 2134 2748 parere
2173 2649 2465 2747 adhuc,
2509 2674 2590 2729 ut
2616 2675 2743 2751 par
2765 2646 2917 2741 est,
2972 2669 3129 2724 non
3169 2660 3579 2752 coeperim,

885 2741 1205 2825 ,dolores
1241 2747 1442 2825 mihi
1481 2748 1741 2828 acerbi
1789 2776 1943 2827 non
1968 2752 2188 2845 sunt,
2238 2777 2380 2832 nec
2424 2751 2673 2832 morbi
2716 2772 3027 2851 grave53
3078 2769 3210 2846 pro
3234 2744 3579 2819 Domino

895 2867 1084 2922 -meo
1135 2847 1304 2945 Jesu
1356 2849 1668 2929 Christo
1723 2848 2258 2931 vehementius
2314 2853 2646 2953 torqueri
2700 2852 3011 2929 mallem
3047 2896 3075 2942 ‚
3125 2842 3425 2944 quando
3480 2839 3578 2938 ip·

893 2941 975 3021 se
1031 2971 1162 3044 pro
1217 2974 1342 3028 me
1414 2951 1875 3030 acerbiffima
1954 2967 2271 3054 quaeque
2346 2954 2692 3034 subivit.
2765 2953 3030 3029 Unum
3104 2964 3405 3024 tantum
3460 2963 3579 3017 me

889 3043 1199 3127 *summo
1249 3050 1486 3129 afficit
1537 3052 1848 3146 dolore,
1900 3072 2124 3152 atque
2179 3052 2477 3131 tristitia
2516 3109 2545 3149 ‚
2595 3053 2799 3155 quod
2853 3051 3077 3128 illum
3128 3042 3521 3143 diligendo
3554 3092 3587 3133 ,

891 3140 1491 3248 famulandoque
1541 3170 1750 3228 totns
1801 3177 1959 3231 non
2008 3154 2491 3234 incumbam.
3328 3207 3337 3220 ·
3519 3236 3536 3255 ,

1005 3245 1178 3358 Hac
1226 3248 1412 3326 vitat
1455 3251 1882 3330 austeritate
1938 3256 2189 3331 multo
2240 3256 2481 3354 magis
2535 3254 2614 3333 in
2668 3254 2808 3333 illo
2858 3248 3139 3334 enituit
3192 3239 3587 3346 originalis

901 3364 1160 3460 gratia?
1210 3349 1536 3447 candor,
1585 3375 1815 3451 quem
1867 3353 1950 3431 in
2006 3380 2098 3432 eo
2150 3355 2413 3436 divina
2469 3356 2703 3457 pietas
2756 3349 3395 3433 maternoadhuc
3432 3366 3584 3454 car·

899 3469 1080 3562 cere
1123 3448 1420 3564 incluso
1471 3451 1885 3553 reparavit.
1944 3456 2162 3533 Illius
2214 3483 2370 3537 non
2427 3458 2599 3536 leve
2651 3456 2795 3535 fuit
2847 3471 3391 3553 argumentum
3434 3467 3589 3524 ext·

909 3568 1072 3659 mia
1120 3550 1624 3631 conscientiar-
1654 3553 1987 3655 puritas,
2039 3554 2431 3656 singularis
2480 3558 2562 3636 in
2588 3560 2874 3637 bonum
2933 3549 3375 3656 propensio,
3414 3569 3582 3625 nm·

885 3669 1174 3748 ·msque
1226 3675 1267 3726 a
1320 3676 1628 3753 peccato
1680 3657 2033 3756 quamvis
2088 3657 2481 3738 -Ievissimo
2528 3658 2817 3737 aversio
2855 3712 2880 3753 ,
2926 3683 2975 3736 a
3024 3680 3182 3755 quo
3232 3649 3594 3730 adeoab-
3636 3715 3649 3726 .

905 3743 1260 3861 hprrebat
1294 3807 1330 3867 ⁶,
1403 3777 1483 3831 ut
1541 3780 1678 3834 nec
1736 3758 2135 3837 nominare
2181 3784 2417 3857 „nec
2471 3759 2735 3839 audire
2784 3759 2935 3837 fine
2987 3757 3189 3835 fletu
3230 3769 3523 3855 poterat
3568 3800 3596 3820 .

851 3879 858 3884 ·
904 3846 1030 3925 Sic
1082 3874 1242 3927 uno
1293 3877 1372 3929 m
1427 3856 1602 3932 Deo
1655 3859 2163 3956 cogitationes
2231 3885 2720 3961 amoremque
2790 3859 3226 3937 universum
3272 3852 3597 3933 colloca·

904 3969 1066 4040 rar,
1119 3972 1206 4028 ut
1257 3955 1528 4031 crebro
1577 3954 1909 4052 diceret,
1965 3961 2233 4038 dolore
2285 3960 2359 4036 se
2409 3961 3029 4056 conficiendum,
3076 3958 3127 4038 fi
3184 3956 3347 4036 fieri
3400 3949 3597 4054 poffe

904 4051 1289 4146 crederet,
1342 4071 1425 4129 ut
1482 4056 1606 4132 vel
1662 4058 2025 4169 temporis
2077 4085 2477 4142 momento
2530 4063 2610 4140 in
2662 4063 2872 4143 aliud
2925 4088 2971 4138 a
3023 4063 3201 4140 Deo
3255 4074 3595 4150 mentem

871 4173 1308 4245 ¹avocaret,
1361 4173 1499 4265 aut⁵
1541 4157 1636 4234 ab
1691 4160 2051 4238 iterandis
2108 4161 2384 4241 Divini
2439 4165 2719 4242 amoris
2772 4162 3063 4241 affibus
3111 4158 3530 4241 desisteret.

1012 4251 1346 4366 Infantes
1401 4278 1680 4367 mirum
1756 4258 1860 4338 est
1911 4286 2137 4359 quam
2200 4262 2331 4342 fibi
2388 4265 2599 4343 chari
2654 4265 3007 4359 fuerint,
3076 4261 3284 4364 quod
3340 4253 3603 4335 videli-

911 4362 1036 4431 c'et
1105 4354 1282 4432 illos
1356 4374 1598 4451 gratia
1670 4356 1752 4436 in
1803 4360 2053 4440 „sanffii
2149 4361 2385 4444 fontis
2453 4366 2763 4445 lavacro
2850 4366 3185 4465 suscepta
3258 4359 3609 4536 praedgtos

3174 4485 3428 4539 amma
3479 4503 3511 4517 -
