3884 5342
956 437 2505 525 SahcrrSEcunnr.
2853 462 3048 543 13.

498 588 622 667 Ad
675 589 881 683 haec,
931 587 1126 666 male
1179 605 1487 666 moratae
1526 582 1904 682 soeminae‚
1956 588 2027 665 se
2080 586 2159 663 in
2183 586 2440 665 eadem
2499 582 2809 663 vivendi
2848 584 3076 663 licens

393 686 502 767 tia
543 744 570 784 ‚
622 714 767 787 qua
821 688 958 767 usae
1015 688 1353 782 fuerant,
1409 713 1885 785 permanere,
1939 713 2182 790 neque
2236 683 2535 764 arfi'tiori
2595 686 2851 785 legum
2906 685 3081 784 jugo

397 789 473 866 se
525 790 831 867 subdere
885 790 1134 883 velle,
1177 788 1705 889 reposuerunt.
1762 788 2051 866 Audaci
2077 788 2325 887 itaque
2353 786 2757 864 mulierum
2795 786 3087 885 respon·

395 888 477 965 so
532 909 960 967 commotus
1016 888 1442 968 Patriarcha
1485 943 1510 983 ‚
1581 914 1757 968 curn
1811 890 1883 966 se
1940 889 2021 966 in
2079 889 2376 966 levibus
2431 884 2680 965 morbi
2733 884 3086 964 remediis

392 1012 694 1087 operam
753 989 1058 1089 perdere
1111 989 1622 1089 cognovisset,
1674 1011 2009 1067 extrema
2065 987 2315 1068 statuit
2368 984 2741 1088 experiri,
2792 1010 2879 1062 ea
2922 1010 3084 1085 pro-

393 1108 559 1188 pter
631 1087 749 1166 die
803 1112 960 1166 xtv.
1035 1089 1364 1187 ejusdem
1444 1089 1941 1168 Advocatoris
1992 1089 2458 1169 Communis
2523 1087 2881 1166 societate
2921 1139 2947 1179 ‚
3012 1084 3087 1162 8<

390 1188 853 1267 authoritate
911 1190 1248 1270 munitus
1301 1190 1578 1269 iterum
1632 1192 1721 1269 ad
1781 1190 2329 1270 Monasterium
2384 1187 2674 1267 accessit
2715 1240 2743 1283 ‚
2814 1185 3088 1286 ipsum-

391 1311 537 1387 que
593 1288 671 1367 in
724 1290 905 1368 duas
962 1314 1200 1390 partes
1252 1290 1489 1369 dividi
1546 1291 1945 1392 imperavit
1990 1346 2016 1387 ‚
2068 1316 2385 1391 quarum
2440 1314 2670 1368 unam
2724 1287 3084 1366 Conven-

394 1388 723 1469 tualibus
774 1393 1168 1488 attribuit,
1220 1392 1724 1493 affignatoque
1778 1415 1871 1471 ex
1923 1390 2338 1472 redditibus
2383 1386 3087 1486 Monasteriiquan·

392 1507 559 1567 tum
605 1490 767 1591 ipsis
818 1492 910 1570 ad
957 1492 1130 1571 vitae
1178 1491 1635 1571 necessitates
1686 1517 1872 1593 opus
1926 1494 2100 1569 esset
2142 1547 2168 1588 ,
2221 1491 2465 1569 vetuit
2519 1488 2814 1584 εάἰὲὶο,
2868 1510 2962 1565 ne
3004 1485 3088 1566 in

393 1587 766 1687 posterum
824 1595 1109 1693 puellas
1162 1593 1250 1671 ad
1307 1591 1728 1690 Religionis
1781 1591 2246 1673 consortium
2295 1592 2790 1670 assumerent.

495 1691 686 1787 His,
741 1694 1221 1790 assentiente,
1258 1694 1344 1787 8<
1399 1692 1873 1773 collaudante
1898 1693 2227 1786 Senatu,
2279 1692 2421 1770 rite
2474 1690 2702 1785 affl3‚
2753 1688 2874 1768 die
2929 1707 3090 1764 xv1.

393 1788 717 1905 ejusdem
779 1793 1042 1874 mensis
1111 1795 1668 1896 supralaudatus
1726 1793 2157 1872 Patriarcha
2213 1791 2520 1873 Vicario
2574 1792 2706 1869 suo
2759 1791 3088 1901 Genera:

390 1892 452 1968 h
508 1895 941 1991 mandavit,
979 1915 1062 1973 ut
1117 1895 1157 1973 ὲ
1216 1895 1680 1976 Monasterio
1735 1893 2180 1975 Sanctorum
2235 1894 2549 1973 Cosmae
2594 1892 2665 1969 8<
2721 1888 3089 1967 Damiant

389 1992 482 2070 de
533 1995 902 2091 Judaica‚
978 2021 1232 2075 recens
1309 2023 1435 2098 per
1514 1996 1899 2075 Marinam
1975 1995 2180 2075 Celsi
2252 1994 2386 2074 sub
2462 1991 2652 2073 Divi
2705 1984 3089 2069 Benediffi

389 2095 650 2192 regula
705 2094 1044 2176 instituto
1076 2153 1100 2192 ,
1158 2098 1563 2178 nonnullas
1618 2097 2240 2177 Sanffirnoniales
2281 2151 2306 2191 ‚
2357 2121 2537 2197 quas
2588 2092 2678 2170 ad
2732 2117 2919 2190 opus
2975 2113 3079 2166 re·

389 2191 864 2276 formationis
917 2198 1222 2277 idoneas
1275 2200 1413 2276 effe
1490 2197 1846 2300 reperiret
1889 2252 1916 2293 ‚
1990 2199 2080 2276 ad
2138 2197 2327 2274 Divi
2371 2191 2693 2275 Secundi
2752 2191 3084 2271 Insulam

391 2297 808 2375 traduceret
850 2353 876 2395 ,
927 2299 1183 2397 eisque
1240 2299 1603 2398 reliquam
1663 2300 2426 2399 reddituum'partem
2483 2294 2720 2374 libere
2774 2290 3082 2392 resigna·
3167 2340 3176 2347 -

294 2459 341 2471 ,
385 2413 541 2471 ret.
596 2400 1200 2497 Quat‘uordecim
1258 2400 1509 2500 itaque
1570 2399 2045 2479 Monialibus
2091 2396 2761 2478 Conventualibus
2815 2394 2893 2471 in
2934 2414 3086 2469 una

384 2494 749 2576 Coenobii
809 2519 1012 2598 parte
1067 2499 1483 2597 conclusis,
1534 2501 1686 2578 duo
1742 2501 1956 2602 supra
2011 2499 2290 2600 viginti
2350 2497 2731 2578 Moniales
2783 2516 2876 2572 ex
2929 2495 3085 2571 Ob·

383 2593 844 2677 servantium
906 2626 1269 2697 numero,
1322 2627 1639 2702 quarum
1699 2621 1845 2681 tres
1899 2603 2112 2702 supra
2167 2601 2425 2680 decem
2481 2592 3080 2677 divinisOfficiis

383 2694 457 2808 β(
515 2697 992 2797 Psalmodiae,
1048 2726 1328 2780 novem
1386 2728 1567 2781 vero
1623 2698 2025 2803 temporali
2081 2700 2497 2781 ministerio
2551 2696 3007 2778 deservirent
3055 2745 3082 2787 ‚

384 2821 465 2909 tn
515 2799 747 2877 altera
801 2802 974 2880 aedis
1031 2803 1375 2901 portione
1430 2804 1840 2882 collocavit
1881 2859 1905 2898 ,
1960 2803 2215 2903 eisque
2268 2800 2870 2908 supralaudatam·
2922 2793 3084 2869 Ma-

381 2921 631 3009 rsuam
708 2901 1167 2979 Abbatissam
1247 2902 1570 3003 praefecit
1613 2957 1639 2998 ‚
1712 2928 1875 3001 quae
1950 2904 2337 3000 utriusque
2416 2900 2914 2976 Parthenonls
2973 2915 3082 2970 re-

387 3019 653 3094 gtrnen
708 3000 1134 3080 admirabili
1193 3003 1637 3101 prudentia,
1687 3002 1760 3081 8<
1856 3002 2081 3080 ietate
2126 2998 2714 3080 administravit.

483 3099 778 3178 Interea
826 3127 1005 3180 cum
1060 3100 1152 3181 ad
1206 3103 1395 3183 alios
1443 3129 1743 3205 quoque
1849 3101 2506 3181 anfflmonialium
2559 3100 3085 3208 Conventus,

374 3198 636 3275 eadem
692 3200 1021 3282 laxitatis
1074 3205 1505 3283 calamitate
1581 3206 2011 3283 laborantes
2064 3202 2465 3283 subsidium
2523 3196 3080 3279 reformationis

378 3299 817 3379 extendisset
876 3305 1259 3382 Antonius
1315 3304 1793 3401 patriarcha,
1846 3306 2288 3405 exasperatae
2309 3300 2885 3382 Conventuales
2928 3317 3078 3373 tur·

378 3400 509 3514 bas
564 3400 1039 3496 excitarunt,
1093 3404 1167 3481 8<
1223 3404 1487 3501 iniusta
1541 3404 1743 3483 rabie
1798 3404 2201 3488 frementes
2255 3409 2721 3505 Delegatum
2769 3395 3081 3510 Aposto-

374 3500 608 3616 heum
654 3557 680 3598 ‚
754 3505 947 3603 apud
1002 3507 1335 3585 Leonem
1393 3506 1841 3585 Pontificem
1895 3507 2403 3609 appellatione
2460 3499 2891 3604 interposita
2944 3520 3078 3575 crt-

326 3624 683 3716 .rn1natae
736 3605 953 3702 sunt,
1006 3607 1208 3707 quasi
1261 3630 1355 3687 ex
1410 3608 1551 3686 suae
1609 3610 2025 3688 voluntatis
2077 3607 2391 3687 arbitrio
2446 3597 3081 3685 redditibusabla·

385 3703 722 3818 tls-ipsas
797 3707 887 3784 ad
963 3708 1531 3788 intolerabilem
1607 3710 2006 3809 egestatem
2082 3708 2489 3788 adduxisset
2535 3764 2553 3782 .
2628 3704 2840 3781 Cum
2894 3721 3082 3775 vero

383 3807 730 3918 untversa
772 3808 1430 3888 Conventualium
1496 3810 1998 3906 Monasteria‚
2048 3811 2324 3912 quibus
2377 3801 2934 3887 reformationis
2957 3821 3080 3875 au·

377 3905 655 3984 :ulium
711 3904 1114 4007 praestitum
1169 3911 1407 3988 fuerat
1452 3967 1479 4007 ‚
1530 3915 1855 3990 alterum
1908 3935 2002 3991 ex
2056 3911 2367 3990 alterius
2438 3905 2798 4005 exemplo
2842 3898 3089 4002 appel-

378 4005 708 4122 lassent,
784 4033 881 4086 ne
937 4008 1082 4088 hoe
1138 4011 1717 4090 laudatissimum
1771 4039 1960 4115 opus
2009 4066 2035 4107 ‚
2099 4013 2304 4113 quod
2376 4010 2666 4111 optima
2724 4007 3090 4082 habuerat

379 4128 658 4206 mma,
729 4111 1048 4190 omnino
1102 4111 1596 4191 destrueretur
1639 4167 1666 4209 ‚
1720 4113 2165 4192 Pontificem
2221 4110 2561 4191 exoravit
2619 4103 3093 4192 Patriarcha‚

383 4230 479 4284 ne
535 4211 1071 4313 appellationes
1130 4212 1556 4308 hujusmodi
1613 4212 1693 4289 in
1744 4216 2092 4291 Romana
2146 4214 2390 4292 Curia
2443 4209 3090 4310 admitterentur)

380 4332 697 4408 quarum
753 4312 1071 4392 subsidio
1147 4314 1475 4393 laxitatis
1544 4314 1906 4391 damnum
1982 4313 2210 4393 latius
2283 4315 2374 4392 ad
2449 4309 2860 4411 perniciem
2931 4322 3088 4376 ant·

380 4433 681 4491 marum
734 4411 817 4491 in
870 4415 1029 4495 dies
1078 4441 1383 4503 manare
1457 4414 1902 4503 noscebatur
1944 4472 1964 4492 .
2040 4414 2338 4496 Annuit
2392 4416 2778 4492 Romanus
2813 4396 3098 4583 fPttmti-

2845 4528 2882 4583 e
2961 4555 2994 4600 ἰ
