3884 5342
1564 1900 1849 2036 DE
2083 1962 2107 1976 ·

524 2149 2921 2422 MONASTERIO

214 2488 3121 2712 ,JESUS—ETMARIAE,

773 2769 1013 2849 Ivinae
1034 2771 1461 2852 voluntatis
1483 2768 1993 2852 inscrutabilis
2014 2774 2204 2852 ordo
2226 2769 2584 2872 disposuit
2606 2825 2633 2868 ‚
2658 2789 2744 2849 ut
2769 2770 2859 2848 ad
2883 2793 3040 2871 per-

825 2869 1227 2952 ficiendam
1281 2870 1618 2954 numeris
1660 2872 2577 2953 omnibusfuhdationem
2632 2870 2789 2968 eius
2822 2872 3042 2951 Asce-

829 2968 1051 3067 terii‚
1101 2975 1305 3074 quod
1357 2971 1684 3073 augustis
1732 2974 1994 3090 Jesuq·
2026 2975 2099 3052 8<
2128 2972 2396 3053 Mariae
2450 2972 2893 3052 nominibus
2930 2969 3045 3050 in·

823 3069 1188 3170 signitur,
1241 3075 1587 3174 longaeva
1636 3074 2113 3155 Fundatricis
2167 3074 2327 3152 vita
2376 3127 2403 3170 ‚
2454 3097 2619 3172 quae
2671 3069 3045 3152 decennio

825 3172 1084 3252 minus
1135 3176 1489 3255 saeculum
1545 3176 2021 3276 complevit,
2076 3178 2328 3255 lentus
2378 3172 3041 3254 essetcurriculus‘.

325 3258 835 3378 ·Veqetabilis
889 3272 1111 3375 virgo
1146 3329 1174 3370 ‚
1225 3275 1352 3356 wi
1404 3275 1882 3355 Coenobium
1939 3276 2088 3357 hoc
2141 3273 2519 3379 originem
2575 3272 2847 3370 refert,
2897 3270 3042 3373 piis

319 3363 894 3469 nobilibusque
951 3377 1388 3473 parentibus
1441 3401 1484 3453 e
1542 3378 1976 3476 Pasqualiga
2026 3399 2257 3477 gente
2279 3375 2631 3455 Venetiis
2682 3394 2848 3452 orta
2890 3371 3039 3466 est,
3094 3390 3113 3415 ²

330 3485 558 3579 vangue»
609 3465 966 3549 meu.
1019 3474 1143 3553 die
1197 3474 1556 3575 vigesima
1607 3502 1810 3557 nona
1833 3476 2296 3576 Septembris
2352 3473 2727 3553 Michaeli
2784 3476 2906 3552 An
2964 3496 3038 3586 e:

337 3562 607 3644 lorum
664 3569 870 3648 Duci
922 3574 1170 3673 sacra,
1247 3601 1340 3654 ex
1392 3601 1716 3676 quotum
1766 3576 2116 3677 auspiciis
2175 3574 2569 3655 Antonius
2626 3575 2840 3652 Pater
2933 3572 3045 3650 ibt

336 3683 614 3778 natam
669 3667 908 3750 filiam
960 3674 1053 3752 in·
1101 3677 1547 3777 baptismate
1585 3680 1964 3777 Angelam
2024 3676 2275 3756 voluit
2327 3674 2730 3776 appellari.
2787 3673 2913 3752 Ab
2937 3670 3044 3773 ip-

328 3763 421 3841 sa
481 3765 846 3866 infantia,
951 3800 1124 3854 uam
1179 3777 1634 3857 mirabiliter
1688 3779 1768 3858 in
1821 3779 2098 3857 sortem
2128 3775 2282 3855 Dei
2336 3795 2829 3870 evocaretur,
2881 3797 3041 3852 non

326 3865 685 3947 obscuris
738 3876 1205 3974 prae1gnavit
1261 3878 1609 3972 indiciis-3
1661 3877 2021 3980 siquidem
2078 3875 2402 3980 pueriles
2455 3874 2664 3955 illius
2688 3872 3042 3955 aetatisil·

332 3967 688 4082 lece-bras
739 3973 1140 4088 spernens,
1191 4003 1322 4077 per
1372 3979 1627 4081 jugem
1684 3978 1926 4059 teneri
1981 3977 2317 4080 corporis
2368 3975 3039 4058 mortificationem

328 4090 717 4183 ⁸majorem
771 4098 854 4154 m
902 4076 1061 4156 dies
1114 4078 1439 4158 habebat
1493 4082 1576 4159 in
1629 4080 1862 4160 solida
1885 4080 2173 4160 virtute
2195 4081 2703 4180 progressum,
2753 4102 2839 4156 ac
2862 4101 3039 4154 con·

331 4189 654 4282 tinu-ato
704 4174 1072 4258 orationis
1126 4179 1365 4258 studio
1418 4182 1566 4260 sese
1616 4182 1710 4261 ad
1764 4181 2057 4259 Divina
2107 4180 2559 4262 charismata
2610 4175 3040 4276 recipienda

331 4292 592 4368 magis
644 4272 1052 4358 exhibebat
1106 4279 1501 4361 idoneam.
1557 4281 1868 4381 Ieiuniis
1923 4283 2122 4360 ultra
2175 4282 2412 4362 aetatis
2464 4280 2662 4358 vires
2702 4273 3042 4370 αάἀίἑίει,

328 4372 528 4452 dum
584 4373 989 4473 aliquando
1042 4380 1495 4464 refeaionis‘
1519 4382 1706 4464 hora
1758 4381 2124 4463 attentius
2177 4381 2258 4461 in
2296 4382 2723 4463 orationem
2747 4378 3037 4458 incum-

542 4477 756 4551 Tom.
797 4470 917 4555 Vt.
1269 4538 1273 4542 -
2027 4482 2248 4561 Ddd
2780 4476 2943 4571 bit,
