3884 5342
1238 384 1313 415 Νι..

829 429 1324 513 SANCTAE
1390 426 1813 512 Malum
1880 429 2592 511 GLon1oSAE.'
2717 438 2872 526 291

434 574 778 674 Ibidem,
827 578 1003 659 loco
1053 576 1335 693 pariter
1380 578 1695 679 ignoto,
1746 578 1889 676 jam
1945 582 2042 658 ab
2094 602 2297 658 anno
2332 587 2537 682 1369.
2593 575 3005 677 jacetCor-

320 703 477 779 -pus
523 678 837 758 alterius
878 680 1091 758 Serv1
1116 677 1268 757 Dei
1292 680 1667 760 Francisci
1722 680 2153 781 pauperculi
2208 679 2783 785 cognominati,
2838 702 3006 778 pro-

330 778 642 859 feffione
695 779 952 877 Laici,
1003 779 1095 860 de
1144 804 1301 884 quo
1350 781 1551 860 idem
1606 782 2028 897 Wadingus
2083 804 2133 860 t.
2177 810 2247 881 4.
2301 782 2396 858 ad
2446 805 2728 858 annum
2799 785 3005 879 13⁶9·

433 936 488 977 „
539 880 771 960 Circa
825 881 969 964 hoc
1024 902 1321 982 tempus
1372 882 1971 962 obiit=Venetiis
2026 883 2105 961 in
2158 880 2348 961 AEde
2402 879 2687 959 Sanfi'tae
2737 878 3008 958 Mariae

328 1037 385 1080 „
438 984 519 1061 F.
569 981 999 1063 Franciscus
1048 982 1320 1062 Laicus
1357 1039 1383 1079 ,
1434 984 2016 1086 cognominatus
2067 981 2560 1086 pauperculus
2601 1038 2627 1078 ,
2698 985 3015 1062 Annum

330 1137 395 1181 „
445 1106 677 1197 agens
727 1093 841 1183 84.
917 1083 1169 1163 Nudis
1221 1085 1504 1186 semper
1557 1086 1949 1164 incedebat
2026 1085 2339 1187 pedibus
2410 1085 2686 1182 absque
2742 1079 3018 1159 Sanda-

334 1238 389 1281 „
442 1183 613 1278 lim,
665 1209 816 1262 una
869 1204 1276 1264 contentus
1331 1187 1588 1267 tunica
1626 1240 1652 1284 ,
1704 1188 1779 1265 8(
1830 1186 2333 1266 saemoralibus
2375 1243 2392 1261 .
2474 1183 2821 1263 Venetiis
2864 1236 2890 1277 ‚
2941 1179 3016 1257 8(

336 1338 393 1382 „
445 1284 835 1363 Avinione
890 1309 1161 1386 magna
1213 1288 1628 1382 charitate,
1679 1288 1753 1366 8<
1796 1288 2223 1367 curialitate
2275 1285 2619 1367 officium
2680 1300 3022 1365 exercuit

335 1439 392 1482 „
446 1383 799 1462 Ostiarii.
852 1385 1008 1464 Sub
1060 1387 1374 1466 Urbano
1398 1392 1492 1466 V.
1540 1389 1895 1467 Venetias
1952 1388 2317 1490 profec'tus
2372 1387 2698 1482 accidit,
2748 1405 2830 1464 ut
2854 1380 3023 1460 uni·

339 1540 411 1583 „⁴
454 1485 753 1563 versum
808 1486 1279 1567 Coenobium
1354 1490 1531 1590 igne
1586 1490 1929 1589 flagraret
1975 1548 1993 1565 .
2066 1488 2411 1589 Reliquis
2455 1487 2842 1565 Fratribus
2894 1506 3025 1584 per

336 1639 394 1689 „
449 1583 799 1665 fenestras
849 1588 1388 1689 evadentibus,
1440 1591 1639 1669 solus
1698 1589 1819 1668 hic
1845 1592 1980 1666 sub
2003 1589 2246 1685 tecio,
2297 1588 2372 1667 8<
2414 1589 2496 1667 in
2521 1587 2776 1665 medio
2816 1586 3027 1678 flam·

338 1742 398 1785 „
456 1710 751 1765 marum
797 1688 1146 1768 remansit
1215 1717 1358 1791 pra:
1411 1690 1789 1771 seneciute
1829 1747 1856 1787 ,
1910 1692 2002 1769 ·&
2053 1690 2393 1769 cathenis
2434 1745 2462 1787 ,
2532 1688 2808 1790 quibus
2858 1704 3029 1765 toto

341 1842 403 1887 „
454 1788 1126 1891 circumligabatur
1178 1816 1490 1892 corpore
1543 1794 1634 1871 ad
1689 1792 2216 1893 poenitentiam
2259 1846 2287 1888 ,
2340 1789 2746 1891 impeditus
2790 1845 2807 1864 .
2881 1789 3030 1865 Ge-

334 1942 394 1987 „
445 1891 793 1969 nuflexus
867 1893 951 1968 in
1006 1912 1219 1971 tanto
1271 1894 1611 1994 periculo
1684 1896 1757 1972 se
1816 1893 2162 1972 Domino
2230 1891 2797 1971 commendavit
2851 1912 2876 1983 ς
2952 1885 3028 1965 8(

332 2044 395 2088 ,,
450 1988 730 2070 ἷαθωω
783 1991 935 2089 est,
986 2014 1071 2071 ut
1123 1994 1608 2094 quantumvis
1661 2016 1821 2074 tota
1873 1996 2142 2074 domus
2195 1994 2540 2094 flagraret
2572 2047 2600 2089 ,
2645 1991 2721 2071 8(
2759 1987 3036 2082 Cella,

339 2144 397 2187 „
452 2091 536 2168 in
589 2117 737 2191 qua
788 2096 1046 2173 orabat
1091 2120 1117 2188 ς
1169 2095 1319 2195 ipse
1374 2117 1629 2176 tamen
1674 2094 1945 2173 illaesus
1999 2095 2079 2173 in
2132 2118 2374 2195 agone
2416 2091 2832 2193 expiravit.
2886 2090 3036 2166 Ex-

337 2244 399 2289 „
454 2191 657 2270 tinto
709 2193 935 2295 igne,
984 2196 1279 2275 Fratres
1320 2250 1348 2292 ‚
1397 2199 1471 2275 &
1511 2195 1753 2275 Cives
1818 2195 2000 2274 dum
2047 2196 2450 2274 Famulum
2496 2193 2649 2272 Dei
2694 2193 2798 2271 ita
2846 2191 3033 2269 inta-

333 2346 391 2389 „
444 2288 656 2372 &tum
708 2295 1233 2396 conspiciunt,
1281 2322 1458 2376 curn
1513 2298 1807 2377 honore
1852 2297 2221 2398 sepeliunt
2277 2350 2303 2394 ,
2347 2295 2535 2374 &ad
2592 2296 2750 2372 haec
2794 2316 3029 2392 usque

332 2446 391 2490 „
448 2413 795 2495 tempora
846 2395 1231 2475 miraculis
1281 2400 1835 2479 corruscantem
1894 2418 2331 2479 reverentur
2373 2398 2428 2443 ‘¹‘
2468 2454 2488 2474 .
2543 2397 2623 2474 Si
2675 2392 3032 2473 defidiosa

330 2493 645 2573 oblivio
687 2496 971 2577 multos
1024 2520 1118 2577 ex
1168 2499 1501 2601 antiquis
1552 2526 1707 2580 non
1766 2498 2130 2580 infecisset
2170 2555 2196 2594 ,
2268 2499 2364 2578 de
2412 2495 2865 2599 quibusdam
2923 2494 3035 2573 in·

322 2591 562 2696 super
599 2597 771 2678 aliis
810 2597 1060 2679 Servis
1101 2600 1305 2697 Dei,
1352 2627 1681 2705 quorum
1723 2602 2070 2702 Corpora
2114 2601 2238 2681 hic
2304 2604 2601 2680 beatam
2646 2593 3043 2699 expeeiant

326 2696 1052 2797 Resurrectionem,
1205 2703 1473 2782 ffemus
1514 2703 1747 2781 modo
1800 2703 2031 2780 verba
2069 2721 2519 2780 contexere.

312 2836 325 2843 ·
434 2797 976 2895 Coenobiurn,
1025 2825 1068 2876 a
1170 2802 1381 2899 cujus
1432 2803 1883 2903 ampliorem
1959 2800 2406 2879 dilationem
2472 2800 2829 2900 quasdam
2895 2818 3036 2877 ter·

332 2919 438 2973 rae
505 2897 994 2997 proprietates
1048 2899 1194 2996 jam
1248 2901 1582 3002 superius
1645 2900 1980 2985 diximus
2043 2899 2248 2979 fuisse
2305 2921 2778 3002 comparatas
2822 2954 2849 2995 ,
2920 2924 3042 2977 eo-

332 2996 526 3074 dem
569 2996 802 3077 ferme
844 3020 995 3078 tem
1105 3024 1181 3078 re
1226 3002 1254 3102 (
1278 3021 1363 3080 ut
1386 3001 1701 3083 innuere
1742 3002 2098 3082 videntur
2124 3003 2524 3082 Dandulus
2569 2998 3039 3112 &Sanutus)

337 3121 510 3197 quo
556 3097 885 3177 Ecclesia
1062 3126 1233 3180 com
1291 3101 1711 3182 lementum
1775 3106 2180 3185 accedebat
2221 3158 2249 3200 ,
2319 3104 2775 3184 aedificatum
2831 3086 3042 3178 fuiffe

330 3192 731 3291 creditur,
781 3202 1121 3301 amplum
1163 3227 1206 3280 a
1258 3227 1351 3281 eo
1390 3204 1465 3282 &
1510 3204 1906 3305 spatiosum
1934 3262 1961 3301 ,
2015 3224 2104 3286 ut
2146 3205 2693 3285 convenientes
2737 3205 2833 3282 ab
2879 3198 3044 3278 uni-

334 3298 567 3378 verso
609 3299 1052 3381 Christiano
1113 3305 1302 3382 orbe
1352 3305 1651 3384 Fratres
1705 3308 2074 3418 plurimos
2124 3331 2392 3408 capere
2441 3305 2779 3407 potuerit
2834 3325 3043 3384 anno

340 3399 826 3509 Mfzcchvt.
880 3428 1035 3504 quo
1107 3401 1399 3482 indicia
1448 3405 1765 3486 Veneriis
1837 3405 2144 3487 comitia
2191 3405 2588 3488 Generalia
2661 3407 2967 3486 fuerunt
3028 3460 3058 3501 ,

320 3499 607 3602 ‚quibus
656 3496 1107 3582 celebrandis
1156 3503 1399 3584 multa
1440 3496 1853 3605 privilegia
1920 3509 2252 3611 comeffit
2293 3507 2649 3612 ·M¹r'nistro
2699 3500 3049 3586 Gener-ali

342 3598 733 3681 Romanus
785 3603 1129 3705 Pontifex
1179 3608 1547 3688 Clemens
1572 3609 1705 3686 VI.
1759 3608 1958 3688 datis
2011 3607 2115 3688 ad
2162 3606 2496 3689 eumdem
2525 3602 2904 3707 plerisque·
2930 3601 3050 3683 lit·

340 3700 533 3784 teris
550 3755 578 3797 ‚
619 3699 760 3803 sed
806 3731 895 3782 ea
934 3707 1338 3808 praefi’rtim
1394 3706 1475 3785 in
1526 3734 1674 3809 qua
1725 3707 2188 3807 capitulares
2238 3736 2483 3787 omnes
2521 3730 2833 3807 paterne
2883 3702 3041 3785 bor-

342 3825 563 3886 tatur
604 3857 632 3899 ,
678 3826 769 3882 uc
808 3806 1263 3906 prospiciant
1310 3808 1630 3913 universi
1667 3806 2014 3913 sodalitii
2054 3808 2413 3912 profeciui
2455 3868 2473 3888 .
2531 3807 3056 3911 Apostolicum

340 3905 792 3987 Clementis
848 3908 1212 4009 Diploma
1266 3912 1598 3991 referunt
1656 3916 1936 3993 Annal.
1991 3914 2293 4015 Seraph.
2354 3914 2585 3992 Tom.
2634 3912 2809 3989 VII.
2887 3928 3051 4010 pag.

354 4033 530 4113 330.
589 4008 938 4088 Fratrum
996 4035 1399 4092 numerum
1441 4070 1469 4110 ,
1538 4015 1671 4119 qui
1725 4016 1817 4095 ad
1875 4016 2030 4094 haec
2084 4013 2511 4114 Religionis
2563 4011 2884 4092 comitia
2935 4011 3060 4088 ad-

346 4129 733 4220 venerunt
773 4165 800 4207 ,
881 4132 1098 4191 notat
1151 4138 1575 4195 marmorea
1649 4116 2052 4219 epigraphe
2126 4115 2658 4196 in-Columna
2708 4110 2958 4191 Chori
3013 4133 3055 4187 e

352 4230 685 4308 regione
727 4213 1023 4293 sacrarii
1081 4216 1321 4317 pofita
1367 4245 1385 4295 ε
1486 4248 1493 4259 ·

462 4362 518 4406 „
575 4309 1076 4417 Frequentiss.
1134 4317 1465 4416 Huiusce
1521 4314 1918 4421 religionis
1973 4337 2442 4397 conventum
2494 4371 2521 4411 ,
2568 4314 2699 4416 qui
2755 4339 2847 4392 eo
2900 4309 3057 4425 ipso

344 4470 408 4517 „
463 4432 672 4491 anno
745 4439 899 4516 quo
952 4420 1033 4497 F.
1091 4420 1445 4505 Donatus
1498 4423 1586 4502 P.
1641 4421 1765 4504 est.
1816 4421 2233 4598 declzgatus
2275 4473 2302 4515 ,
2374 4418 2460 4499 in
2513 4416 2714 4503 hisce
2785 4412 3065 4493 aechbus

820 4570 827 4579 ·
2102 4546 2150 4599 o
2261 4547 2304 4597 2
2707 4570 2762 4615 „
2814 4536 2970 4617 per-
