3884 5342
1015 405 1118 483 82

896 550 1176 610 mationis
1217 548 1529 610 ministerio
1581 548 1921 627 cognoveris
1963 548 2181 627 indige-

892 646 992 698 re,
1035 642 1153 685 tam
1180 629 1254 684 ‘in
1299 627 1489 699 capite
1531 644 1702 700 quam
1745 628 1803 683 in
1845 627 2116 685 membris
2157 669 2178 699 ,

894 703 1094 761 eadem
1137 703 1486 764 aufloritate
1526 702 1635 760 hac
1676 705 1799 764 vice
1828 746 1848 776 ,
1887 707 2175 782 corriges,

860 769 943 836 ’ἃ
991 780 1298 851 reformes,
1338 798 1407 842 ac
1447 778 1694 852 statuas,
1736 780 1784 836 a
1831 780 2085 838 institues
2115 782 2172 839 in

884 871 1224 931 perpetuum
1262 898 1281 926 ,
1336 852 1427 912 vel
1484 854 1555 945 ad
1613 872 1833 915 eertum
1891 873 2173 932 tempus;

882 931 1793 1082 332‚‘”:S:³3‡¹31‚225533“¹;52335
1824 932 2173 1070 'L‘fflst‘ffli

884 1080 1131 1153 statum,
1168 1081 1417 1157 statuta,
1457 1085 1929 1158 constitutiones,
1969 1087 2024 1146 ἃ
2050 1087 2170 1149 alia

882 1160 1063 1215 etiam
1135 1178 1242 1232 pro
1297 1161 1509 1219 divinis
1561 1161 1775 1219 officiis
1839 1161 2168 1235 hujusmodi

880 1235 1223 1311 peragendis
1265 1237 1643 1295 rationabilia
1668 1282 1687 1309 ,
1724 1238 1776 1295 ἃ
1819 1236 2067 1300 salubria
2105 1245 2165 1300 in

874 1311 897 1366 i
940 1309 999 1367 so
1027 1312 1379 1369 Monasterio
1408 1312 1764 1372 observanda
1804 1315 2071 1390 ordines,
2111 1319 2165 1376 ἃ

918 1386 1167 1459 isponas:
1210 1405 1279 1445 ac
1318 1391 1514 1447 omnia
1549 1389 1670 1448 alia
1707 1410 1828 1467 quae
1854 1394 2168 1470 Episcopus

876 1460 1308 1523 Castellanensts
1346 1465 1585 1524 existens
1612 1485 1719 1541 pro
1742 1485 2004 1544 tempore
2031 1490 2164 1532 cum

870 1535 1110 1598 Dileflis
1151 1538 1288 1600 filiis
1315 1543 1590 1618 Capitulo
1615 1544 2018 1612 Castellanensi
2054 1551 2165 1608 cir·

878 1631 948 1676 ca
990 1615 1287 1688 praefatum
1343 1620 1753 1682 monasterium
1806 1621 1996 1684 facere
2041 1625 2162 1695 pos·

872 1689 957 1750 set
977 1732 999 1761 ,
1036 1691 1129 1752 feu
1156 1694 1590 1769 quomodolibet
1620 1716 1919 1771 exercere,
1947 1701 2163 1776 facias,

871 1765 924 1830 ἃ
968 1785 1264 1840 exerceas,
1308 1788 1480 1846 prout
1508 1772 1812 1834 secundum
1841 1781 2027 1838 Deum
2057 1797 2162 1854 pro

872 1840 1139 1904 utilitate
1194 1846 1331 1906 dieti
1399 1850 1732 1909 Monasterii
1785 1853 1837 1909 ἃ
1894 1855 2158 1928 persona-

871 1937 999 1977 rum
1041 1921 1100 1978 in
1141 1918 1249 1982 illo
1273 1923 1605 2004 degentium
1636 1928 1972 1990 Animarum
2014 1930 2161 1992 salu-

874 1996 925 2054 ti
967 1996 1072 2054 ti-bi
1118 1998 1409 2059 videbitur
1462 2004 1732 2076 expedire
1762 2045 1780 2061 .
1834 2012 1910 2064 At
1953 2007 2159 2066 nihilo·

870 2071 1061 2130 minus
1115 2093 1216 2148 per
1272 2092 1333 2136 te
1383 2076 1460 2136 fic
1515 2079 1780 2140 facienda
1832 2082 2159 2146 ordinanda

868 2146 1257 2224 disponenda,
1315 2153 1661 2214 instituenda
1696 2198 1715 2227 ‚
1770 2157 1822 2214 ec
1864 2158 2165 2220 statuenda

876 2223 1061 2284 facias
1098 2227 1447 2292 aufloritate
1503 2232 1767 2307 praedifla
1810 2234 2165 2296 inviolabili-

871 2314 967 2359 ter
1002 2302 1290 2364 observari
1332 2309 1786 2368 contradifiores
1830 2331 1932 2386 per
1974 2314 2166 2372 censu·

869 2395 995 2435 ram
1053 2381 1504 2444 aeclesiasticam
1559 2386 1961 2460 appellatione
2017 2392 2161 2466 post·

786 2455 796 2462 ⁴
869 2452 1059 2528 posita
1098 2459 1508 2533 compescendo
1538 2503 1555 2518 .
1619 2466 1752 2521 Non
1804 2464 2164 2525 obstantibus

864 2530 1372 2592 constitutionibus
1426 2536 1765 2611 Apostolicis
1806 2584 1825 2615 ,
1881 2561 1988 2600 nec
2043 2562 2157 2602 non

862 2604 1097 2665 statutis
1149 2610 1201 2670 ἆ
1258 2612 1757 2674 consuetudinibus
1828 2619 2158 2680 Monasterii

866 2679 922 2738 Bt
964 2684 1185 2743 ordinis
1226 2687 1617 2761 praediRorum
1659 2711 1727 2750 ac
1758 2693 1886 2751 aliis
1926 2712 2160 2755 contra-

858 2758 972 2814 riis
1009 2761 1458 2841 quibuscumque
1497 2766 1590 2826 seu
1623 2767 1663 2827 si
1693 2766 1978 2845 aliquibus
2005 2791 2161 2832 com·

858 2837 1128 2896 munitet
1169 2840 1259 2898 vel
1301 2840 1528 2904 divifim
1560 2848 1598 2906 a
1626 2845 1763 2905 Sede
1795 2847 2055 2921 praediRa
2084 2849 2156 2908 sit

859 2908 1151 2972 indultum
1181 2958 1199 2987 ,
1253 2918 1406 2992 quod
1464 2921 1787 2993 interdici,
1836 2923 2094 2998 suspendi
2136 2968 2155 2997 ‚

864 2988 958 3044 vel
1000 2996 1487 3054 excommunicari
1532 3014 1645 3053 non
1692 2999 1899 3073 poss'int
2004 3022 2034 3059 r
2061 2999 2163 3060 lit·

864 3076 1025 3124 teras
1049 3066 1408 3141 Apostolicas
1432 3090 1548 3130 non
1584 3072 1858 3134 facientes
1891 3097 1926 3152 p
1953 3097 2119 3138 enam
2144 3121 2164 3151 ‚

864 3138 924 3193 nr
969 3160 1037 3197 ex
1084 3145 1321 3217 tetram,
1356 3164 1426 3204 ac
1468 3147 1539 3205 de
1581 3150 1758 3209 verbo
1798 3153 1872 3211 ad
1916 3155 2155 3216 verbum

860 3210 937 3270 de
962 3216 1019 3273 in
1065 3215 1189 3274 ulto
1215 3219 1545 3291 hujusmodi
1574 3230 1961 3288 mentionem.
2004 3230 2152 3291 Nul-

862 3283 909 3344 li
951 3308 1091 3379 ergo
1126 3297 1369 3353 omnino
1422 3298 1717 3361 hominum
1772 3302 1948 3366 liceat
2002 3308 2156 3368 hanc

863 3381 1136 3500 {aar
1152 3369 2153 3520 ssssffizz{xaflzreszz’sstsamvxz

864 3512 1109 3604 luntatis
1152 3521 1465 3602 infringere
1508 3527 1595 3585 vel
1628 3531 1683 3588 ei
1721 3532 1856 3591 ausu
1900 3550 2150 3596 temera·

861 3609 961 3650 no
997 3600 1286 3658 contraire
1318 3619 1336 3667 ς
1391 3604 1445 3659 Si
1486 3607 1611 3678 quis
1649 3622 1847 3666 autern
1900 3610 2013 3670 hoc
2053 3628 2145 3671 at·

858 3682 1157 3744 temptare
1221 3676 1617 3753 presumpserit
1681 3686 2148 3763 indignationem

861 3747 1299 3822 omnipotentis
1349 3757 1460 3814 Dei
1518 3760 1938 3836 Beatos-umque
1996 3769 2148 3838 Apo·

858 3817 1137 3884 stolorum
1178 3829 1327 3888 Petri
1380 3831 1434 3888 a
1480 3834 1645 3892 Pauli
1687 3835 1741 3894 se
1782 3838 2014 3896 noverit
2058 3843 2146 3898 in-

856 3896 1146 3959 cursurum
1188 3907 1406 3964 Datum
1434 3912 1631 3968 Romo
1656 3911 1808 3985 apud
1836 3918 1890 3970 S·
1917 3918 2146 3975 Petrum

861 3974 1227 4047 Apostolatus
1265 3983 1439 4041 nostri
1482 4003 1642 4043 anno
1675 3988 2148 4061 quintodecimo.

932 4054 1054 4109 Nos
1083 4055 1264 4132 igitur
1290 4060 1595 4134 cupientes
1631 4062 1690 4120 in
1710 4066 1974 4123 omnibus
1994 4074 2146 4142 Apo·

855 4121 1064 4185 stolicis
1085 4151 1288 4205 parere
1315 4135 1605 4195 mandatis
1620 4180 1641 4207 ‚
1684 4139 1972 4212 prediflas
1992 4151 2144 4219 Apo·

854 4197 1079 4286 {totiens
1099 4207 1323 4270 litteras
1340 4252 1365 4282 ,
1400 4210 1541 4272 licet
1568 4214 1711 4272 allas
1732 4223 2109 4293 receperimus
2125 4264 2150 4293 ,

851 4290 1067 4340 iterum
1110 4302 1445 4343 reverenter
1486 4291 1789 4363 recipimus
1819 4336 1837 4364 ,
1891 4296 1945 4352 ἃ
1988 4315 2145 4355 com·

850 4358 1155 4417 municato
1194 4359 1435 4420 confilio
1473 4361 1610 4439 saepe
1651 4366 1845 4442 saepius
1883 4389 2014 4436 cum
2056 4374 2151 4431 di·

852 4427 944 4489 flo
972 4436 1048 4491 D.
1081 4437 1273 4496 Priore
1299 4432 1541 4515 aliisque
1581 4444 2022 4522 quamplurimis
2036 4453 2145 4510 Ve-

1420 402 1631 486 Dp.
1739 397 3004 483 MoNAs··rE-1t·ro-

2277 539 2627 602 nerabilibus
2681 545 2829 623 Viris
2878 543 3282 608 Ecclefiasticis
3332 566 3559 618 morunt

2275 622 2566 697 gravitate
2608 620 2664 677 ἃ
2689 620 2926 681 scientia
2967 642 3072 682 nec
3103 643 3218 684 non
3260 633 3559 703 experien-

2279 697 2364 754 tia
2391 696 2677 755 decoratis
2704 699 3041 759 trafiatibus
3069 701 3386 764 &confiliis
3411 706 3560 765 mul-

2277 773 2860 850 tis'‘pi·aecedentibu's'
2896 818 2918 848 ,
2968 795 3038 835 ac
3096 777 3264 853 ipsius
3319 784 3558 843 Domini

2251 845 2484 908 ‘Pueris
2534 850 2685 925 apud
2738 865 2908 927 quem
2960 851 3140 911 solum
3193 853 3268 914 ad
3323 858 3556 933 praesens

2229 947 2236 956 ·
2276 940 2466 994 tottam
2519 932 2612 998 Jus
2665 927 2946 1003 Capitulu
2993 930 3058 992 ἃ*
3088 933 3428 992 Conventus
3471 935 3559 994 di·

2272 1001 2495 1059 &orum
2538 1004 2874 1063 Monasterii
2912 1005 2966 1062 ἃ
3006 1006 3266 1066 Ecclesiae
3308 1013 3557 1085 pertine-

2273 1097 2335 1136 re
2374 1077 2729 1158 dignoscitur
2780 1082 3088 1142 accedente
3141 1085 3446 1159 consensu‚
3495 1088 3552 1147 ἃ

2269 1172 2404 1214 cum
2455 1158 2672 1215 devota
2739 1175 2972 1231 precum
3040 1159 3310 1219 instantia
3374 1162 3555 1223 folum

2269 1234 2466 1289 Deum·
2533 1252 2597 1291 re
2634 1234 2820 1291 oculis
2873 1235 3148 1293 habentes
3203 1255 3310 1314 pro
3349 1257 3552 1315 perpe-

2267 1321 2369 1365 tua
2411 1326 2473 1365 re
2500 1311 2828 1367 ormatione
2880 1311 3162 1370 diciorum
3201 1314 3553 1374 -Monasterii

2266 1383 2320 1440 ἃ
2369 1383 2623 1443 ecclesiae
2661 1386 2736 1444 ad
2775 1384 2953 1462 ipsum
2981 1386 3390 1447 Monasterium
3417 1410 3549 1465 per-

2266 1458 2542 1522 sonaliter
2593 1461 2926 1526 aceeffimus
2965 1481 2997 1537 ,·
3039 1465 3548 1528 &informatione

2255 1536 2570 1609 prehabita
2585 1580 2610 1610 ‚
2624 1559 2746 1616 ,nec
2762 1559 2874 1598 non
2891 1541 3282 1602 invenerimus
3295 1543 3351 1599 in
3390 1541 3548 1606 disto

2266 1612 2626 1674 Monasterio
2649 1614 2754 1674 nisi
2797 1620 2870 1674 D.
2899 1617 3251 1678 Ludovicum
3297 1620 3547 1682 Priorem

2265 1687 2318 1745 ἃ
2363 1693 2623 1749 Pratrem
2655 1697 3014 1754 Honoratum
3055 1694 3127 1752 de
3168 1697 3453 1766 Veneriis,
3495 1696 3550 1754 le

2266 1765 2530 1826 Fratrem
2573 1768 2921 1830 Ludovicum
2960 1771 3030 1828 de
3055 1769 3388 1843 Florentia,
3429 1771 3549 1831 frai-

2264 1857 2381 1900 tres
2438 1844 2774 1917 conversos,
2829 1847 3009 1904 tacite
3065 1847 3371 1923 professos,
3423 1846 3552 1907 nul*-

2260 1914 2491 1994 lumque
2519 1920 2695 1978 alium
2727 1919 3048 1999 religiosum
3078 1927 3450 1998 repererimus
3491 1926 3551 1984 in

2260 1994 2414 2052 disto
2456 1995 2846 2070 Monasterio,
2882 1998 2975 2056 sed
3008 2001 3060 2057 ἃ
3093 2001 3270 2076 ipsum
3313 2004 3551 2060 invene·

2262 2072 2440 2130 rimus
2471 2076 2631 2130 omni
2661 2073 2814 2132 bona
2847 2074 3122 2152 religione
3162 2077 3214 2133 ἃ
3245 2076 3549 2138 observan-

2265 2149 2354 2206 tia
2393 2149 2643 2227 regulari
2697 2150 3030 2212 destitutum
3057 2195 3078 2224 ,
3133 2172 3203 2210 ne
3243 2152 3395 2229 spem
3437 2150 3549 2212 ali·

2265 2242 2437 2299 quam
2493 2224 2828 2285 haberemus
2859 2253 2866 2262 ·
2897 2229 3326 2288 reformationis
3379 2229 3552 2305 ipsius

2265 2299 2600 2359 Monasterii
2619 2322 2746 2379 ,per
2773 2302 3085 2382 Religiosos
3112 2306 3345 2366 Ordinis
3376 2309 3433 2365 in
3463 2307 3549 2364 di·

2265 2375 2355 2436 6ὶο
2396 2378 2746 2438 Monasterio
2771 2384 3061 2455 consueti,
3101 2399 3232 2441 cum
3262 2399 3385 2444 tam
3421 2401 3552 2458 par-

2266 2471 2340 2511 vo
2360 2473 2597 2513 numero
2626 2460 3020 2530 reperiantur,
3062 2474 3127 2517 ut
3157 2461 3404 2534 propriis
3420 2464 3551 2518 Mo-

2263 2530 2518 2588 nasteriis
2547 2535 2604 2588 in
2636 2533 2840 2607 quibus
2868 2534 3083 2611 degunt
3125 2535 3412 2594 deservire
3439 2537 3550 2594 mi·

2262 2608 2414 2665 nime
2459 2606 2724 2676 valeant3
2769 2629 2873 2668 nec
2916 2612 3093 2669 etiam
3137 2612 3194 2669 in
3240 2611 3370 2687 ipsis
3413 2616 3551 2670 Mo·

2259 2682 2516 2741 nasteriis
2562 2685 2753 2762 vigeat
2793 2685 3160 2746 observantia
3201 2689 3479 2766 regularis
3521 2730 3546 2760 ‚

2261 2758 2745 2837 consideratisque
2785 2763 3234 2824 difficultatibus
3263 2807 3282 2838 ,
3337 2765 3389 2822 ἃ
3429 2781 3554 2824 ma·

2261 2850 2390 2894 ture
2431 2836 2482 2894 ἃ
2505 2837 2835 2916 ,diligenter
2877 2841 3224 2900 examinatis
3262 2859 3391 2900 cum
3424 2846 3548 2900 Do·

2260 2913 2424 2971 mino
2463 2915 2694 2986 Priore,
2731 2916 2785 2973 a
2815 2915 2945 2974 aliis
2977 2914 3412 2977 venerabilibus
3442 2918 3548 2975 Vi·

2261 2992 2374 3060 ris,
2415 2989 2466 3046 &
2505 2994 2715 3065 peritis
2748 3035 2766 3064 ,
2819 2993 3269 3069 difficillimum,
3320 2994 3372 3053 ἃ
3415 2993 3549 3053 loa·

2253 3065 2576 3143 gisfimum,
2617 3086 2686 3127 ac
2724 3070 2882 3144 quasi
2925 3071 3268 3146 impoffibile
3305 3084 3550 3144 reputa·-

2260 3143 2444 3199 vimus
2484 3142 2560 3200 ad
2603 3145 3000 3218 reperiendum
3035 3155 3266 3209 Fratres
3299 3144 3548 3204 alterius

2251 3217 2487 3275 Ordinis
2505 3258 2523 3289 ,
2549 3220 2602 3276 δι
2639 3217 2986 3299 Religionis,
3027 3244 3131 3300 per
3155 3244 3297 3301 quos
3325 3221 3550 3282 diesuna

2254 3291 2669 3354 Monasterium
2713 3300 2893 3373 posset
2936 3301 2993 3358 iu
3038 3302 3190 3360 bona
3228 3301 3280 3360 ἃ
3311 3299 3544 3379 regula·

2255 3372 2306 3428 ri
2345 3367 2711 3434 observantia
2768 3375 3066 3435 reformari
3101 3418 3116 3433 .
3169 3385 3546 3452 Quapropter

2251 3444 2495 3506 scientes
2510 3449 2874 3508 venerabiles
2891 3456 3054 3510 Viros
3083 3457 3375 3512 Marinum
3401 3452 3547 3524 Qui-

2252 3523 2416 3595 rino,
2453 3523 2506 3581 8s
2546 3524 2729 3584 socios
2766 3529 2887 3602 ejus
2916 3532 3172 3588 Clericos
3214 3530 3538 3601 Seculares,

2246 3601 2346 3674 qui
2388 3599 2462 3660 ad
2504 3601 2738 3674 presens
2794 3606 3036 3666 trabunt
3073 3624 3298 3664 moram
3354 3607 3413 3663 in
3454 3604 3546 3663 su-

2248 3676 2513 3749 pradicio
2540 3678 2892 3738 Monasterio
2915 3723 2934 3753 ,
2971 3701 3308 3761 magnarum
3351 3683 3545 3739 virtu·

2248 3766 2411 3824 tum,
2449 3753 2505 3810 ἃ
2545 3773 2773 3815 morum
2811 3756 2919 3815 esse
2959 3760 3257 3837 gravitate
3296 3758 3538 3816 decora·

2249 3841 2378 3901 tos,
2432 3847 2502 3887 ac
2546 3832 2604 3888 in
2649 3832 2859 3890 eisdem
2903 3831 3231 3894 clericalem
3273 3831 3543 3895 honesta·

2247 3917 2366 3962 tem
2395 3904 2542 3964 adeo
2583 3909 2964 3983 renitentem,
3007 3927 3072 3970 ut
3116 3914 3248 3971 vite
3287 3911 3544 3986 ipsorum

2246 3979 2422 4039 odore
2476 3980 2656 4041 status
2709 3983 3129 4047 Ecclesiasticus
3183 3987 3538 4048 mirabiliter

2247 4057 2574 4118 venustetur
2603 4103 2622 4134 ,
2675 4061 2730 4117 ἃ
2770 4063 2973 4122 dietim
3027 4083 3226 4123 eorum
3269 4059 3543 4137 exemplo

2250 4133 2324 4191 ad
2365 4134 2729 4212 disciplinam
2760 4138 3243 4214 Ecclesiasticarn,
3281 4141 3333 4198 a
3365 4157 3538 4197 murt-

2245 4209 2306 4267 di
2331 4229 2736 4289 contemptum
2774 4216 3183 4291 quamplurimi
3225 4217 3535 4277 attrahan-

2246 4301 2343 4345 tur
2383 4290 2570 4365 sicque
2612 4288 2862 4350 habilem
2920 4295 3305 4374 exemplarem
3335 4338 3354 4366 ‚
3408 4312 3538 4351 cer·

2248 4380 2370 4422 tum
2414 4366 2464 4421 a
2510 4363 2730 4423 clarum
2791 4369 3220 4430 reformationis
3277 4369 3536 4446 praedifli

2244 4440 2581 4504 monasterii
2621 4442 2853 4506 modum
2879 4488 2902 4522 ,
2937 4447 3026 4509 ·de
3063 4448 3318 4526 personis
3359 4445 3537 4582 iliobis

3326 4541 3365 4599 P
3393 4541 3459 4583 ⁶*
