3884 5342
969 378 2350 472 SANCTAE.CLA1tffi.‘
2713 405 2878 496 137

740 533 1088 621 Ecclefiis
1128 539 1330 617 dono
1372 534 1637 614 dediffe
1677 535 2146 618 manifestum
2171 535 2321 629 est3
2374 532 2648 636 abipso
2668 533 2876 613 enim
2901 555 3025 612 ve-

658 679 665 684 ’
740 638 1152 722 nerabilem
1211 637 2014 752 Dominicaessoronae
2074 637 2369 753 spinam·
2415 636 2487 712 se
2532 637 2879 751 accepisse
2926 633 3026 749 fa-

744 760 998 821 tentur
1040 741 1421 817 Canontct
1460 741 1950 836 Anicienses‚
1999 763 2210 853 cujus
2245 737 2551 837 quidem
2593 738 3024 814 donationis
3100 785 3111 804 ·

728 842 1101 943 Diploma
1141 865 1183 916 a
1229 839 1600 919 Ferrando
1643 837 1952 919 affertur
1994 842 2181 919 locis
2224 836 2729 937 supracitatis.
2785 834 3024 913 Sed&
3123 855 3133 864 ·

728 940 1063 1021 Ecclefia
1089 940 1464 1018 Toletana
1506 940 1858 1040 pretiosas
1901 943 1994 1020 de
2031 937 2479 1019 venerandis
2521 936 2740 1052 ipfius
2773 932 3026 1014 Sanffi
3157 994 3162 1001 .

726 1042 960 1142 Regis
1002 1038 1435 1120 sanctuariis
1477 1041 1874 1141 particulas
1917 1042 1990 1121 se
2031 1041 2386 1143 possidere
2428 1038 2795 1138 gloriatur
2835 1091 2864 1134 ‚
2929 1037 3027 1114 ab

739 1143 897 1244 ipso
941 1142 1131 1220 datis
1174 1140 1501 1242 epistolis
1544 1167 1744 1221 anno
1769 1144 2095 1224 Domini
2125 1149 2329 1241 1248.
2375 1140 2573 1218 dono
2597 1138 2886 1234 mistas,
2939 1152 3028 1214 ut

747 1245 1002 1322 videre
1045 1241 1147 1320 est
1186 1244 1382 1343 apud
1426 1243 1801 1322 Bzovium
1848 1245 1927 1324 in
1974 1247 2248 1325 Annal.
2277 1243 2504 1319 Tom.
2531 1240 2744 1318 XIII.
2784 1238 2874 1317 ad
2899 1262 3027 1317 an-

736 1368 925 1422 num
985 1348 1190 1439 1248.
1234 1365 1434 1420 n.x1.
1492 1344 1722 1422 Addit
1749 1345 1920 1423 loco
1943 1344 2177 1423 citato
2201 1341 2656 1421 Ferrandus:
2693 1336 3026 1441 Vizalia-

735 1441 979 1541 censes
1019 1439 1275 1520 merito
1300 1435 1727 1555 gloriantur
1759 1441 2165 1542 portionem
2205 1439 2425 1544 Vestis
2460 1463 2825 1538 purpureae
2866 1498 2893 1539 ‚
2945 1437 3028 1518 in

726 1567 873 1643 qua
912 1535 1163 1642 illusus
1189 1540 1346 1642 fun
1386 1553 1737 1621 servator
1775 1549 2003 1646 noster
2098 1571 2144 1620 a
2185 1551 2286 1623 D.
2305 1540 2673 1620 Ludovico
2713 1549 3027 1620 Franco-

719 1665 882 1756 rum
904 1650 1100 1741 Rege
1139 1636 1353 1755 longe
1378 1643 1820 1825 pientlifflmo
1865 1640 1967 1724 ad
1987 1600 2077 1746 J}
2114 1669 2303 1724 anno
2339 1639 2773 1752 1267.fuff·
2792 1666 3024 1754 trans-

727 1744 912 1846 mtff
898 1770 1021 1820 am
1041 1801 1068 1842 ‚
1118 1746 1218 1824 δ’
1260 1772 1339 1822 m
1366 1743 1581 1847 stngu
1618 1774 1740 1824 are
1780 1743 2027 1846 Regiae
2090 1744 2579 1844 beneficemtae
2618 1769 3018 1843 amortsque

711 1843 978 1944 pignus
1019 1843 1201 1924 dono
1239 1843 1502 1926 datam
1536 1905 1555 1925 .
1630 1847 1885 1927 Aliam
1931 1846 2181 1926 Sanffi
2228 1845 2461 1945 Regis
2524 1843 3013 1923 donationem

722 1945 936 2027 affert
1001 1947 1435 2027 Franciscus
1492 1948 1955 2032 Barbaranus
2017 1947 2331 2026 Ordinis
2390 1943 3014 2043 capuccinorum

710 2049 1061 2128 alumnus
1102 2048 1182 2126 in
1206 2048 1534 2127 Historia
1559 2048 2069 2130 Ecclefiastica
2093 2046 2500 2127 Vicentina
2522 2045 2655 2125 lib.
2682 2074 2748 2125 2.
2799 2072 2865 2127 c.
2887 2075 3006 2146 44.

712 2175 864 2250 quo
936 2153 1113 2229 loco
1186 2149 1441 2228 scribit
1495 2150 1972 2229 Ludovicum
2028 2148 2156 2226 IX.
2229 2147 2653 2226 Galliarum
2708 2147 3001 2248 Regem

715 2276 916 2329 anno
980 2278 1187 2350 1239.
1262 2249 1686 2350 portionem
1741 2251 1969 2351 Ligni
2025 2248 2457 2328 Dominicae
2509 2246 2787 2326 Crucis
2828 2302 2855 2344 ‚
2928 2247 3003 2326 8<

705 2351 1199 2429 sacrosanctae
1253 2351 1585 2431 Corona:
1640 2348 1858 2452 ipfius
1908 2350 2218 2452 Spinam
2271 2373 2498 2427 unam
2547 2348 2638 2427 B.
2686 2347 3003 2428 Bartho-

702 2451 959 2531 lomeo
1013 2451 1385 2554 Episcopo
1438 2453 1852 2532 Vicentino
1926 2453 2129 2532 dono
2182 2450 2471 2532 miffiffe
2545 2449 2666 2529 his
2741 2447 2998 2551 episto·

695 2550 791 2631 lis
832 2552 926 2633 ad
967 2579 1144 2632 eum
1190 2555 1217 2654 (
1262 2574 1343 2632 ut
1387 2551 1621 2635 fertur
1661 2553 1690 2651 )
1732 2553 1966 2636 datis:

280 2745 700 2832 Ludovicus
739 2751 890 2832 Dei
922 2751 1176 2850 gratia
1214 2759 1662 2831 Francorum
1702 2760 1867 2831 Rex
1908 2750 2171 2830 dileelo
2204 2751 2351 2851 fibi
2393 2750 2474 2828 in
2495 2750 2771 2932 Cbrg'go
2814 2759 2995 2828 Bar·

390 2844 763 2932 tholomaeo
784 2851 1060 2960 ‚eadem
1094 2851 1347 2949 gratia
1387 2847 1724 2952 Episcopo
1765 2849 2144 2932 Vicentino
2173 2847 2499 2950 salutem
2537 2905 2566 2949 ‚
2766 2849 2988 2952 fince-

391 2978 489 3032 rae
536 2947 952 3038 dileflaonis
993 2951 1331 3052 affeffum
1351 3008 1372 3030 .
2759 3035 2766 3042 ,

372 3206 432 3252 „
484 3156 607 3238 Ad
659 3154 1057 3236 instantem
1115 3155 1564 3258 petitionem
1620 3157 1935 3238 vestram
1989 3156 2081 3236 de
2137 3149 2462 3258 pretioso
2513 3153 2763 3253 Ligno
2816 3153 2983 3231 Do·

669 3312 725 3357 ,.,
775 3249 1074 3338 minicae
1127 3258 1404 3338 Crucis
1442 3312 1469 3353 ‚
1519 3258 1597 3337 8<
1639 3258 2126 3339 Sacrosaneiae
2172 3259 2501 3338 Coronae
2555 3253 2775 3356 ipfius
2826 3250 2983 3355 Spi-

668 3412 725 3456 ‚,
773 3384 949 3437 nam
1005 3384 1233 3439 unam
1291 3359 1508 3439 vobis
1559 3358 1643 3437 in
1662 3357 2410 3459 fignttm-dileffionis
2451 3355 2965 3449 conferimus,

668 3511 723 3555 ‚‚
773 3458 1260 3542 dilec’tionem
1338 3456 1658 3539 vestram
1729 3484 2080 3561 rogantes
2156 3480 2443 3539 attente
2501 3510 2528 3554 ‚
2597 3475 2971 3573 quatenus

665 3611 721 3656 ‚‚
771 3585 937 3640 eam
980 3560 1239 3662 debito
1290 3559 1745 3642 conservetis
1778 3615 1813 3657 ‚
1884 3560 1964 3640 8<
2011 3560 2444 3640 conservare
2496 3556 2786 3637 factatis
2838 3556 2975 3631 ho·

668 3712 725 3756 „
776 3677 960 3741 nore
1001 3716 1028 3757 ‚
1079 3663 1152 3741 8<
1205 3687 1341 3764 pro
1396 3661 1614 3744 nobis
1667 3687 1877 3742 orare
1933 3660 2189 3742 velitis
2238 3714 2264 3758 ‚
2311 3658 2387 3738 δι
2437 3658 2815 3736 orationes
2865 3650 2965 3731 fa·

658 3814 715 3858 ‚‚
765 3760 981 3841 ciatis
1022 3761 1183 3840 fieri
1229 3762 1616 3864 speciales.
2419 3790 2424 3794 ·

355 3908 412 3960 2,
466 3863 646 3944 Dat.
702 3861 992 3941 Parifiis
1066 3887 1264 3942 anno
1328 3862 1656 3942 Domini
1710 3889 1943 3964 1259„
1997 3861 2121 3942 die
2172 3858 2383 3962 Jovis
2459 3856 2615 3960 post
2659 3854 2956 3946 ,festum

657 4017 713 4062 ‚‚
763 3964 834 4041 S.
880 3962 1187 4046 Nicolai
1228 3964 1637 4066 'Hyemalis
1683 3993 1699 4042 :
1756 3965 1856 4043 in
1907 3965 2121 4064 cujus
2191 3962 2302 4041 rei
2359 3985 2485 4062 per
2536 3978 2801 4038 etuum
2856 3965 2964 4072 te·

655 4120 707 4161 ‚‚
761 4063 1200 4144 stimonium
1255 4065 1645 4179 praesentes
1717 4064 1972 4148 literas
2016 4062 2263 4144 nostro
2317 4062 2478 4163 figil
2512 4089 2559 4139 o
2611 4081 2960 4162 praecept·

542 4249 551 4254 „
666 4215 721 4261 „
772 4191 942 4246 mus
991 4188 1497 4245 communiri.

341 4259 441 4343 -si
493 4281 747 4348 autem
802 4265 1302 4367 SanctiRegis
1358 4289 1670 4343 munere
1730 4265 1889 4360 ha,
1938 4287 2124 4363 quas
2147 4262 2764 4355 enuntiavimus,
2815 4259 2957 4335 Ec-

659 4367 891 4452 clefiae
943 4368 1161 4454 sacris
1212 4365 1591 4471 Reliquiis
1644 4363 1895 4448 ditatae
1948 4367 2253 4448 fuerunt
2293 4362 2596 4463 ‚Jhaud
2667 4358 2952 4473 mirum

2750 4481 2856 4536 vt-
