3884 5342
803 423 876 505 S.
940 423 1422 509 NICOLAI
1493 447 1624 503 DE
1685 425 2425 505 ΤοιΕΝτῑΝο.
2678 451 2833 532 241
2910 491 2919 496 -

304 574 590 686 suasum
641 572 1056 670 haberent,
1107 573 1401 653 nonnisi
1451 572 1745 675 'postero
1797 571 1917 651 die
1943 572 2466 669 humandum,
2518 574 2719 673 quod
2773 575 2961 655 scili-

293 699 411 754 cet
469 677 546 753 in
602 677 760 755 sero
793 676 1051 753 -vitam
1103 674 1507 770 clausisset,
1563 674 1803 772 postea
1857 674 2180 751 deillius
2235 672 2598 751 festinatis
2623 676 2958 773 exequiis

290 775 647 855 certiores
699 775 869 853 fae’ci
924 777 1013 854 de
1068 776 1428 875 religiosis
1479 774 1808 876 graviter
1850 771 2231 874 conquesti
2272 775 2491 868 sunt,
2542 777 2742 872 quod
2785 801 2965 857 eum

291 897 445 952 tarn
506 876 714 955 brevi
769 898 980 955 terrae
1013 881 1537 972 mandassent,
1596 897 1676 954 ut
1730 875 1977 953 colere
2033 902 2189 953 non
2214 878 2496 972 possent
2520 896 2962 972 mortuum,

288 1000 515 1074 quem
569 1004 746 1056 eum
799 978 1094 1058 viveret
1170 1001 1253 1056 ut
1331 976 1726 1056 hominem
1783 975 2314 1055 sanffiffimum
2392 976 2731 1054 venerati
2804 976 2961 1055 sue-

287 1100 450 1156 rant
492 1137 513 1155 .

383 1181 628 1258 Fuere
682 1200 937 1262 tamen
989 1178 1423 1280 qui·san6'to
1473 1177 1769 1279 corpori
1828 1178 2200 1257 honorem
2258 1155 2603 1255 debitum
2659 1155 2993 1252 adhibe-⁸

283 1299 358 1354 re
414 1306 575 1359 non
629 1277 1117 1384 distulerunt.
1174 1283 1407 1382 Quod
1459 1281 1638 1359 dum
1698 1279 2135 1376 efferretur,
2186 1302 2392 1357 coeca
2417 1275 2692 1355 mulier
2716 1277 2963 1353 visum

275 1382 799 1482 recuperavit,
848 1382 1155 1479 Joannis
1209 1407 1518 1459 manum
1574 1380 1814 1459 oculis
1866 1381 2312 1458 admovens.
2368 1375 2587 1456 Alter
2642 1397 2961 1476 utroque
3064 1455 3067 1460 .

276 1505 666 1581 correptus
721 1481 1079 1577 brachi0,
1132 1481 1287 1578 ejus
1340 1483 1557 1561 vestis
1580 1478 1929 1562 comaciu
1986 1480 2378 1559 sanitatem
2433 1478 2741 1576 adeptus
2790 1477 2896 1554 est
2939 1533 2959 1554 .

276 1581 584 1680 Capitis
635 1583 898 1661 dolore
971 1583 1402 1681 graviffimo
1443 1638 1470 1678 ,
1543 1583 2053 1681 diuturnoque
2128 1577 2612 1657 discruciatus
2669 1577 2960 1669 juvenis

273 1681 584 1783 quidam
638 1681 1011 1764 exhaustis
1062 1683 1321 1762 frustra
1373 1683 1863 1764 Medicorum
1917 1683 2254 1776 artibus,
2306 1691 2485 1758 curn
2540 1678 2696 1775 ejus
2740 1676 2963 1777 pedes

271 1784 881 1881 exoscularetur,
921 1783 1038 1861 ita
1089 1785 1382 1863 levatus
1434 1785 1577 1880 est,
1630 1806 1715 1862 ut
1768 1782 2117 1883 deinceps
2173 1803 2559 1880 nunquam
2614 1779 2961 1890 dolorem

270 1883 621 1963 senserit.
677 1884 1024 1974 foemina
1078 1884 1399 1985 petitori,
1451 1887 1655 1987 quod
1712 1884 2015 1963 lethalis
2037 1908 2305 1962 cancer
2331 1881 2751 1973 lacerabat,
2797 1903 2952 1973 ejus

271 1985 569 2085 aliquos
621 2010 714 2063 ex
769 1986 1014 2085 capite
1069 1986 1437 2065 extra&os
1491 1986 1807 2089 capillos
1861 1986 2251 2082 admovit,
2307 1981 2704 2081 statimque
2759 1981 2959 2056 sana-

267 2106 345 2163 ta
399 2087 551 2182 est,
605 2087 791 2166 adeo
845 2110 929 2166 ut
985 2114 1079 2167 ne
1131 2087 1562 2167 cicatricem
1620 2087 1926 2187 quidem
1987 2084 2410 2163 invenerit.

373 2186 710 2266 Plurima
763 2186 910 2266 alia
965 2187 1111 2284 jam
1165 2189 1495 2291 sepultus
1553 2186 1876 2288 patravit
1920 2185 2326 2265 miracula:
2381 2182 2471 2261 ad
2498 2183 2719 2261 illum
2747 2181 2957 2259 enim

261 2288 794 2387 Neapolitanae
847 2289 1217 2368 Civitatis
1258 2343 1287 2386 ,
1338 2289 1591 2368 omnis
1644 2287 1931 2367 ordinis
1986 2286 2130 2363 viri
2176 2340 2202 2381 ,
2255 2312 2339 2363 ac
2396 2285 2751 2362 mulieres
2795 2335 2823 2375 ,
2874 2281 2954 2357 fi-

259 2388 675 2488 nitimique
734 2391 990 2489 populi
1045 2416 1269 2490 opem
1323 2389 1850 2490 imploraturi,
1906 2386 2229 2466 accensis
2285 2386 2591 2472 maioris
2648 2406 2953 2460 venera·

250 2487 495 2565 tionis
548 2490 761 2572 causa
813 2490 910 2567 ad
954 2489 1170 2570 illius·
1221 2491 1702 2591 sepulchrum
1759 2489 2098 2585 facibus,
2151 2514 2290 2567 nec
2346 2485 2482 2564 nifi
2540 2483 2706 2562 voti
2748 2507 2953 2561 com-

251 2610 472 2689 potes
525 2592 1099 2695 revertebantur
1141 2652 1160 2669 .
1235 2593 1498 2694 Quare
1551 2593 1604 2671 fi
1659 2591 2119 2669 Marinonus
2194 2590 2373 2665 dum
2451 2586 2744 2663 viveret
2797 2583 2954 2659 san-

254 2688 422 2767 etus
480 2716 606 2787 per
658 2694 1252 2772 antonomasiam
1309 2693 1599 2786 audiit,
1657 2712 2005 2768 mortuus
2060 2688 2290 2765 sanffi
2344 2712 2626 2764 nomen
2704 2683 2952 2760 multo

262 2788 664 2883 gloriosius
726 2791 1042 2868 retinuit
1086 2849 1105 2865 .
1175 2792 1389 2867 Cum
1467 2815 1648 2888 ergo
1718 2791 1874 2882 ejus
1928 2788 2395 2865 sanE'titatem
2455 2805 2568 2860 tot
2636 2785 2952 2859 miracu·
3033 2865 3041 2870 ,

257 2888 356 2965 lis
412 2887 627 2964 Deus
681 2889 1017 2967 testatam
1073 2889 1356 2984 vellet,
1408 2913 1672 2967 omnes
1727 2889 1950 2970 illum
2005 2882 2206 2986 q‘uafi
2261 2881 2705 2984 Samiorum
2760 2880 2955 2957 fastis

260 2985 724 3088 adscriptum
755 3044 779 3082 ,
827 2991 1069 3087 palam
1127 2990 1375 3068 colere
1413 3009 1934 3089 occaeperunt,
1962 2989 2291 3090 -ejusque
2320 2975 2778 3083 imaginibus
2801 2978 2952 3068 diaf-

254 3090 559 3167 demata
613 3088 1057 3186 imponere,
1107 3090 1180 3168 8<
1233 3090 1437 3189 quod
1489 3090 1728 3191 magis
1783 3090 1930 3180 est,
1985 3090 2081 3192 ab
2135 3087 2292 3186 ipso
2347 3083 2616 3186 mortis
2639 3082 2758 3161 die
2783 3083 2956 3170 Bea-

255 3189 370 3283 ti,
424 3213 510 3267 ac
566 3189 811 3264 Sancti
869 3214 1151 3267 nomen
1206 3189 1545 3268 indidere
1603 3220 1619 3267 ε
1675 3190 1877 3290 quod
1935 3188 2144 3266 brevi
2204 3207 2443 3263 totam
2470 3185 2768 3262 Italiam
2798 3208 2950 3282 per-

250 3289 496 3384 vafit,
542 3313 626 3386 ac
679 3287 897 3366 annis
949 3290 1242 3389 aliquot
1296 3291 1729 3370 labentibus
1789 3288 2225 3368 universum
2272 3289 2564 3364 Orbem
2589 3282 2953 3362 Christia-

244 3417 439 3472 num
494 3389 742 3484 intra,
793 3410 1150 3493 extraque
1174 3392 1498 3493 Europae
1553 3390 1965 3484 terminos,
2011 3387 2506 3491 probantibus
2561 3383 2948 3485 publicam

248 3492 874 3587 venerationem,
924 3517 1154 3592 quam
1211 3492 1326 3569 illi
1384 3493 1640 3570 fideles
1694 3487 2161 3571 adhibebant
2204 3543 2230 3582 ,
2283 3484 2719 3586 Episcopis,
2774 3481 2950 3559 fidei

245 3592 814 3695 quaefitoribus,
868 3617 951 3671 ac
1007 3592 1340 3671 Summis
1362 3592 1905 3687 PontificibuS,
1958 3591 2090 3691 qui
2151 3587 2702 3677 Marinonum,
2741 3581 2807 3697 ‚fi
2850 3583 2944 3659 de

244 3723 336 3774 eo
394 3697 645 3773 sermo
700 3692 1068 3773 incidisset
1110 3749 1136 3790 ,
1212 3720 1372 3772 non
1424 3693 1578 3773 alio
1617 3749 1642 3790 ,
1717 3718 1943 3794 quam
2001 3689 2277 3785 Beati,
2351 3712 2438 3766 ac
2512 3682 2764 3766 Sanfih
2820 3707 2952 3764 no-

245 3797 463 3875 mine
524 3796 1024 3873 decorabant.

341 3901 524 3978 Nec
578 3893 969 3995 derogavit
1014 3892 1450 3995 hujusmodi
1502 3895 1748 3977 cultui
1806 3916 1960 3973 tam
2018 3892 2376 3995 publico,
2428 3886 2808 3988 generali,
2863 3909 2948 3964 ac

242 4000 572 4099 antiquo
623 3996 1250 4076 Urbani‘oe’mvi
1308 4000 1728 4092 Decretum
1783 3998 1874 4076 de
1932 3995 2252 4073 mortuis
2306 4015 2483 4070 cum
2538 3987 2737 4066 fama
2790 3986 2948 4063 san·

241 4098 538 4181 &itatis
587 4099 851 4178 datum
906 4100 1160 4177 mense
1220 4100 1513 4178 Martio
1576 4106 1784 4196 1625.
1863 4103 2033 4174 Imo
2076 4090 2427 4172 fidelibus
2469 4091 2721 4168 ansam
2772 4108 2949 4184 prae-

244 4203 476 4295 buit,
528 4220 611 4275 ut
663 4200 902 4302 magis
957 4221 1525 4302 propagaretur.
1581 4201 1863 4297 Jubens
1917 4195 2127 4274 enim
2154 4190 2499 4271 Pontifex
2553 4214 2647 4303 ne
2701 4186 2953 4274 cultus

249 4301 614 4406 publicus
667 4302 809 4379 ulli
863 4303 1350 4381 adhiberetur
1407 4300 1783 4401 personae,
1834 4298 2324 4397 quantumvis
2376 4288 2810 4378 santffltate,
2862 4308 2949 4366 ac

262 4398 663 4483 miraculis
686 4401 970 4577 cteslebri
991 4459 1017 4500 ,
1041 4403 1178 4485 nili
1202 4403 1407 4505 prius
1431 4428 1473 4482 a
1496 4403 1681 4484 Sede
1706 4397 2141 4578 ΑΡοίὶὲἰΙίἐα
2161 4390 2609 4476 canonizata
2628 4440 2653 4484 ,
2676 4405 2805 4462 aut
2831 4383 2956 4472 sal-

470 4509 685 4584 Tom.
785 4510 845 4579 I.
1289 4529 1302 4544 ·
2695 4506 2853 4564 tem

2912 4663 2947 4672 -σ
