3884 5342
3187 244 3330 287 ‘ss

954 404 1053 461 12
1447 370 2903 457 ΒΕΜοΝΑεΊ-εκιο

820 546 1044 621 runt,
1097 522 1228 607 ubi
1281 524 1658 604 Venetam
1710 521 2005 601 Urbem
2060 520 2490 600 breviffimo
2536 521 2768 623 stagni
2813 520 3211 622 interjectu
3253 547 3346 602 ex
3388 524 3510 605 ad-

822 628 1037 709 verso
1088 623 1617 740 prospicientes
1671 623 1752 702 in
1793 621 2338 702 contumeliam
2385 623 2681 722 potius,
2732 648 2958 723 quam
3014 625 3094 704 in
3146 625 3510 705 damnum

819 726 1076 806 invisae
1129 725 1461 805 civitatis
1516 746 2070 803 tormentorum
2129 722 2313 824 pilas
2365 745 2625 802 contra
2679 723 2909 823 ipsam
2946 746 3505 822 exonerarunt,

820 854 968 927 qua
1021 826 1104 904 in
1159 852 1234 904 re
1290 826 1513 925 (teste
1538 824 1918 923 Codalio)
1975 825 2122 907 hoc
2173 825 2451 905 mirum
2507 824 2829 920 accidit,
2881 847 2964 907 ut
3010 827 3216 905 nulla
3258 851 3352 906 ex
3395 827 3506 907 eis

820 927 1020 1008 Divi
1071 927 1395 1007 Secundi
1448 925 1856 1005 Eccleliam
1913 926 2611 1026 praetergrederetur
2649 979 2676 1022 ,
2727 927 3033 1025 perinde
3085 953 3171 1006 ac
3225 926 3279 1005 si
3333 926 3500 1006 illu·

823 1027 987 1110 stris
1037 1027 1346 1127 Martyr
1397 1048 1662 1105 contra
1714 1026 1990 1129 impios
2044 1026 2370 1106 hostium
2425 1050 2736 1108 conatus
2790 1028 2859 1105 se
2916 1053 3048 1128 pro
3101 1050 3323 1106 muro
3376 1053 3503 1128 po-

827 1149 1040 1209 neret
1095 1127 1250 1224 ejus
1303 1127 1508 1207 urbis
1552 1183 1576 1223 ,
1647 1153 1874 1230 quam
1931 1127 2077 1207 suis
2131 1128 2557 1208 decoratam
2612 1126 2951 1222 exuviis,
3024 1132 3152 1209 sua
3204 1153 3504 1227 quoque

823 1226 1291 1332 protectione
1346 1228 1781 1308 munierat.
1838 1228 2135 1308 Octavo
2191 1232 2492 1311 tandem
2546 1228 3058 1309 immaniffimi
3115 1229 3269 1326 ejus
3326 1227 3510 1309 belli

819 1356 1021 1409 anno
1055 1353 1197 1430 pax
1238 1328 1437 1407 inter
1461 1330 1884 1410 diffidentes
1932 1331 2316 1431 Principes
2361 1333 2545 1411 inita
2591 1330 2780 1422 fuit,
2832 1355 2979 1432 qua
3025 1332 3165 1412 rite
3211 1327 3499 1431 peraeta

823 1432 1141 1511 Senatus
1164 1433 1505 1511 Venetus
1549 1433 1636 1509 ad
1657 1431 1943 1534 optima
1968 1433 2213 1532 pacis,
2265 1435 2338 1517 8<
2375 1428 2808 1534 Religionis
2848 1432 3082 1511 studia
3124 1431 3289 1511 sese
3327 1456 3504 1509 con·

824 1531 1099 1612 vertit.
1153 1535 1351 1611 Rem
1406 1534 1702 1634 egregie
1761 1533 2052 1631 adjuvit
2095 1535 2480 1615 Antonius
2532 1538 3068 1630 Contarenus,
3118 1530 3250 1632 qui
3307 1557 3508 1610 anno

827 1632 1082 1711 MDv1
1103 1660 1132 1711 1
1152 1660 1209 1711 1.
1235 1634 1325 1711 ad
1370 1634 1952 1713 Patriarchalem
1980 1636 2473 1712 Venetiarum
2499 1638 2766 1717 Sedem
2807 1636 3206 1735 assumptus
3229 1631 3511 1710 fuerat.

823 1733 978 1812 Hic
1042 1733 1121 1810 in
1168 1734 1333 1834 ipfis
1387 1734 1496 1812 sui
1554 1734 1991 1811 Praesulatus
2045 1734 2370 1815 exordiis
2423 1737 2752 1836 perditos
2797 1732 3512 1816 sanctimonialium

740 1890 749 1893 -
824 1833 1490 1915 Conventualium
1517 1859 1763 1913 mores
1805 1828 2306 1932 ingemiffiens
2349 1837 2425 1914 in
2473 1837 2618 1918 hoc
2664 1837 3122 1938 potissimum
3165 1835 3513 1913 animum

824 1934 1203 2031 intendit,
1258 1955 1339 2014 ut
1365 1960 1484 2014 eas
1524 1937 1615 2014 ad
1641 1956 1975 2016 veterem
2000 1934 2575 2018 sanctimoniam
2615 1938 3196 2021 &sobrietatem
3221 1959 3514 2029 revoca·

823 2055 983 2116 ret.
1037 2037 1149 2113 Ea
1192 2058 1493 2138 propter
1515 2038 2147 2117 cumaRomanis
2194 2034 2690 2119 PontificiBus
2735 2039 3057 2141 plurima
3101 2035 3514 2116 Sanciimo·

827 2135 1161 2225 nialibus
1221 2138 1714 2219 Venetiarum
1790 2136 2108 2218 exeundi
2156 2167 2409 2217 earum
2464 2139 2918 2244 Monasteria
2969 2139 3066 2219 δ’
3121 2138 3223 2217 ad
3271 2136 3516 2217 domos

816 2260 1213 2336 parentum
1298 2268 1385 2319 eu
1440 2235 1750 2317 aliorum
1785 2241 1876 2341 fir
1927 2239 2343 2341 conferendi
2395 2242 2689 2322 indulta
2730 2243 3022 2321 fuissent
3066 2239 3339 2341 privile
3397 2236 3519 2333 ia,

827 2341 1166 2418 Leonem
1293 2398 1312 2418 .
1374 2340 1817 2422 Pontificem
1878 2342 2315 2422 Maximum
2396 2341 2486 2422 de
2537 2341 2781 2420 nimia
2831 2340 3040 2420 Sedis
3090 2342 3351 2440 Apollo
3386 2336 3516 2416 icae

829 2430 1338 2539 indulgentia,
1389 2440 1615 2542 deque
1663 2440 1878 2539 hujus
1929 2437 2404 2541 indulgentiae
2454 2444 2694 2545 abusu,
2719 2444 3119 2524 certiorem
3146 2438 3517 2553 reddidit,

828 2561 1053 2641 atque
1106 2544 1201 2621 ab
1253 2569 1347 2623 eo
1399 2543 1837 2645 impetravit
1875 2599 1902 2640 ,
1958 2568 2039 2623 ut
2098 2545 2532 2645 hujusmodi
2585 2546 2877 2625 indulta
2932 2543 3166 2622 libere
3241 2539 3519 2619 Sancit-

828 2644 1292 2724 monialibus
1346 2648 1681 2727 concessa
1734 2670 2319 2743 revocarentur,
2369 2648 2572 2748 quod
2615 2644 3050 2748 Apostolico
3101 2641 3517 2740 diplomate

829 2743 1201 2826 sancitum
1257 2746 1401 2826 suit
1457 2748 1578 2829 die
1645 2778 1701 2828 1.
1762 2748 2080 2849 Augusti
2131 2774 2335 2828 anno
2391 2750 2677 2827 Moxv,
2729 2744 2897 2844 (C)
2940 2803 2962 2821 .
3036 2743 3218 2822 Haec
3274 2740 3520 2841 prima.

830 2845 1135 2928 fuerunt
1195 2847 1482 2931 statuta:
1534 2850 2091 2929 reformationis
2144 2849 2368 2929 initia
2407 2904 2434 2947 ,
2507 2847 2781 2950 quibus
2836 2845 3016 2927 aeris
3056 2899 3084 2942 ,
3154 2842 3246 2958 ad
3299 2840 3522 2921 refor-

831 2949 1107 3026 manda
1160 2949 1631 3030 Monialium
1706 2952 2371 3032 Conventualium
2446 2949 2832 3030 Coenobia
2895 2944 3323 3048 Apostolica
3397 2967 3523 3023 au·

838 3047 1203 3126 thoritate
1256 3049 1491 3129 fultus
1546 3053 1615 3130 se
1670 3054 1741 3130 se
1794 3054 2243 3148 convertit,
2317 3076 2642 3151 cumque
2721 3050 2909 3129 Divi
2964 3045 3289 3127 Secundi
3346 3045 3528 3124 Mo·

836 3145 1241 3225 nasterium
1296 3151 2041 3253 agnosceret-majori
2093 3152 2559 3234 correctione
2613 3150 2996 3252 indigere,
3049 3149 3131 3226 in
3176 3148 3254 3225 id
3295 3169 3527 3224 omne

836 3246 1166 3327 studium
1218 3251 1594 3349 contulit,
1647 3274 1731 3333 ut
1782 3256 2104 3357 collapsa
2145 3251 2576 3352 Religionis
2618 3249 3094 3332 observantia
3145 3247 3229 3327 in
3281 3272 3375 3327 eo
3421 3270 3527 3324 re·

838 3347 1282 3431 vivisceret.
1339 3355 1745 3456 Assumpto
1797 3355 2051 3458 itaque
2095 3357 2184 3434 ad
2231 3355 2460 3455 pium·
2504 3380 2778 3437 munus
2841 3353 3174 3452 adjutore
3218 3346 3525 3428 Gabrie-

842 3448 918 3528 le
974 3453 1308 3545 Venerio
1343 3508 1370 3551 ,
1440 3455 1569 3554 qui
1626 3456 2171 3538 Advocatorem
2235 3454 2661 3534 Communis
2712 3458 3038 3555 (munus
3093 3451 3172 3530 in
3232 3452 3528 3527 Veneta

841 3552 1268 3651 Republica
1319 3556 1904 3685 amgliffimum)
1981 3586 2073 3638 eo
2129 3559 2489 3661 temporis
2563 3560 2834 3659 agebat
2907 3557 3028 3635 die
3083 3577 3161 3668 κ..
3206 3546 3534 3651 Augusti

839 3676 1044 3732 anno
1099 3655 1431 3733 MDx1x.
1486 3659 1575 3735 ad
1629 3658 1823 3739 Divi
1879 3661 2206 3740 Secundi
2259 3662 2446 3738 aedes
2499 3659 2573 3737 se
2624 3657 3006 3752 contulit,
3060 3654 3315 3753 ibique
3359 3674 3535 3761 conf

842 3753 1132 3833 vocatis
1186 3755 1668 3840 Monialibus
1725 3759 2188 3862 Apostolicas
2243 3761 2571 3860 primum
2629 3757 3019 3860 epistolas,
3073 3755 3355 3864 quibus
3398 3750 3542 3827 fibi

841 3852 1401 3949 reformationis
1452 3886 1645 3940 onus
1698 3862 2231 3963 imponebatur
2303 3860 2647 3960 exposuit
2690 3913 2718 3956 ,
2792 3883 2974 3938 mox
3028 3854 3316 3935 efficaci
3393 3851 3533 3964 ser-

844 3979 1123 4052 mone,
1178 3956 1464 4060 piisque
1487 3961 2146 4042 adhortationibus
2199 3961 2293 4037 ab
2338 3960 2684 4062 improba
2737 3957 3046 4040 vivendi
3069 3951 3544 4032 consuetudi-

839 4080 937 4135 ne
990 4084 1110 4138 eas
1163 4059 1539 4141 deterrere,
1587 4086 1959 4157 conatus,
2007 4060 2085 4139 in
2137 4083 2425 4161 quanto
2478 4063 2903 4141 animarum
2959 4059 3255 4135 suarum
3305 4054 3539 4132 versa·

840 4180 1100 4237 rentur
1154 4162 1538 4260 pericu10,
1590 4162 1756 4264 ipsis
1808 4162 2177 4259 ostendit,
2231 4160 2363 4241 nifi
2409 4162 2788 4242 retran'cae
2812 4160 2988 4238 vitae
3043 4177 3338 4256 tempus
3361 4154 3546 4268 salu·

842 4260 1020 4340 tatis
1074 4264 1540 4361 poenitentiae
1594 4264 1867 4343 officiis
1920 4265 2377 4345 redimerent
2415 4317 2441 4358 ,
2487 4265 2932 4360 statutaeque
2981 4258 3538 4339 reformationis

842 4360 1046 4462 leges
1102 4365 1346 4455 veluti
1396 4383 1695 4448 certum
1743 4365 2003 4449 salutis
2055 4367 2330 4469 pignus
2381 4363 2858 4463 exciperent.
3318 4455 3442 4540 Ad
3555 4457 3559 4461 .
