3884 5342
778 410 852 492 S.
899 407 1616 494 MARGAMTAE
1661 408 1972 491 Vino.
2015 407 2092 491 &
2135 409 2513 492 Mau-r.
2702 411 2867 506 269
3021 392 3028 400 ’

300 556 587 637 &oreti
639 555 948 657 depiffis
1001 553 1277 635 tabulis
1316 609 1342 652 ‚
1412 576 1577 656 quae
1630 552 2026 634 Christum
2080 555 2516 636 Dominum
2564 553 2646 633 in
2695 551 2994 633 ultimae

323 660 617 737 Paschae
669 685 885 738 coena
934 656 1581 752 discumbentem,
1630 656 1705 735 8<
1754 655 2284 758 Apostolorum
2338 656 2560 757 pedes
2603 656 3040 736 lavantem*

323 760 848 859 repraesentant
869 815 889 839 .
2227 808 2234 815 ·
2963 822 2976 829 -

425 861 651 959 Apud
702 861 898 939 hanc
972 856 1200 939 etiam
1262 857 1672 938 Ecclesiam
1729 857 2131 959 aliquando
2187 856 2543 936 habitasse
2592 852 2995 930 mulierem

318 960 680 1037 reclusam
734 983 826 1039 ex
882 959 1020 1055 iis,
1071 963 1162 1040 de
1214 960 1486 1059 quibus
1539 960 2004 1040 differuimus
2058 956 2328 1060 Operis
2383 955 2610 1057 hujus
2647 954 3000 1035 Tom.1L

324 1085 490 1159 pag.
516 1088 680 1139 201.
732 1061 805 1139 8<
816 1061 1092 1183 tTom.
1121 1063 1216 1139 V.
1260 1084 1419 1160 pag.
1448 1089 1611 1161 243.
1666 1058 2048 1139 manifeste
2103 1080 2306 1160 patet
2356 1083 2451 1138 ex
2504 1054 3002 1167 instrumento

326 1160 813 1239 conceffionis
866 1187 1064 1239 anno
1122 1162 1525 1239 Mcccxxx.
1578 1161 1698 1238 die
1744 1184 1847 1237 ix.
1898 1160 2362 1259 Novembris
2407 1152 2797 1251 confecto,
2848 1177 3002 1254 quo

318 1263 662 1360 Angelus
717 1259 1151 1359 Delphinus
1204 1262 1613 1363 Episcopus
1668 1261 2143 1340 Castellanus
2208 1260 2644 1340 facultatem
2698 1252 3006 1368 indulsit

324 1361 721 1439 extruendi
794 1360 1401 1439 Heremitorium
1477 1362 1671 1462 apud
1748 1362 1967 1459 hujus
2039 1360 2389 1461 E'cclefiae
2441 1363 2511 1441 S.
2567 1361 3008 1457 Margantae

324 1462 732 1540 sacrarium
784 1515 810 1556 ‚
881 1481 965 1539 ut
1018 1461 1098 1540 in
1151 1488 1249 1541 eo
1295 1462 1574 1539 mulier
1623 1463 1960 1560 quasdam
2015 1461 2259 1540 Bisina
2312 1462 2625 1543 nomine
2678 1454 3007 1541 reclude-

330 1583 541 1643 retur
564 1560 695 1660 (A)
720 1620 739 1638 .
791 1562 914 1639 Ex
964 1588 1057 1640 eo
1082 1561 1505 1663 Episcopali
1533 1562 1633 1639 Di
1645 1563 1976 1662 plomate
1997 1558 2439 1640 instruimur
2460 1587 2582 1640 eas
2605 1559 2960 1638 mulieres
2981 1607 3010 1649 ‚

334 1688 500 1763 quae
546 1686 773 1764 prope
824 1663 1296 1743 parochiales
1340 1662 1704 1743 Ecclefias
1779 1663 2328 1758 habitationem
2384 1662 2519 1742 fibi
2572 1660 3010 1759 ‘deligebant

325 1788 502 1841 vere
556 1764 762 1842 suiffe
818 1765 1183 1860 reclusas,
1230 1764 1591 1863 liquidem
1647 1763 1730 1844 in
1753 1763 2080 1864 angustis
2131 1762 2614 1865 domunculis
2665 1755 3004 1837 habitare

320 1864 696 1942 debebant
738 1859 1263 1962 personaliter,
1313 1862 1619 1966 &stare
1668 1863 2012 1943 continue¹
2030 1862 2110 1941 in
2130 1862 2305 1942 vita
2308 1862 2506 1963 sua,
2553 1883 2775 1961 atque
2831 1858 3005 1937 ideo

320 1966 520 2062 apud
570 1964 937 2043 Ecclefias
991 1968 1527 2060 morabantur,
1582 1986 1669 2043 ut
1720 1990 1814 2044 ex
1865 1963 2173 2066 angusta
2227 1964 2539 2044 fenestra
2591 1958 3008 2055 Ecclesiam

314 2062 765 2162 respiciente
808 2066 1025 2147 sacris
1078 2066 1817 2165 misteriisjinteress'e
1874 2068 2212 2146 valerent
2253 2123 2274 2144 .
2331 2068 2545 2145 Num
2600 2087 2856 2165 autern
2907 2058 3007 2139 fa-

316 2166 561 2245 cultas
612 2164 873 2243 Bifinae
922 2166 1219 2246 indulta
1269 2166 1598 2246 exeundi
1650 2166 1879 2245 semel
1933 2167 2016 2246 in
2070 2194 2272 2245 anno
2317 2164 2711 2247 nocturnis
2751 2159 3004 2256 bork,

312 2285 401 2342 ut
443 2263 545 2344 ad
580 2258 977 2366 Ecclesiam
1021 2276 1099 2343 S:
1137 2263 1392 2345 Marci
1431 2264 1530 2343 ad
1567 2264 1876 2344 veniam
1918 2264 2414 2365 recipiendam
2466 2268 2539 2370 se
2582 2263 3006 2357 conferret,

311 2365 485 2445 aliis
556 2391 856 2467 quoque
929 2364 1363 2466 hujusmodi
1412 2366 1713 2450 reclufis
1766 2370 2307 2453 concederetur
2344 2425 2372 2468 ‚
2443 2366 2642 2450 mihi
2711 2364 3003 2447 incom-

314 2486 666 2595 pertum.

459 2705 777 2813 Series
843 2705 1529 2819 Plebanorum
1585 2708 2045 2820 Ecclesia:
2098 2714 2190 2816 S.
2229 2711 2896 2865 Margaritae,
2987 2728 3021 2755 '

317 2977 459 3072 853
554 2975 939 3075 ·Maurus‚
987 3002 1086 3059 ex
1139 2974 1452 3061 Patritia
1474 2983 1793 3065 Familia
1814 2985 2278 3085 Bufignaco‚
2327 3009 2491 3085 quae
2547 2981 2790 3083 postea
2832 2978 3003 3058 Bus-

719 3104 911 3175 nago
963 3104 1255 3166 vocata,
1303 3084 1447 3162 fuit
1485 3140 1511 3181 ,
1582 3088 1909 3166 Geniani
1968 3087 2416 3165 Fundatoris
2468 3086 2671 3162 filius
2723 3080 3004 3160 elefflus

716 3203 922 3357 annSo
975 3188 1143 3282 853.
1196 3184 1612 3285 Episcopus
1665 3187 2126 3273 Olivolensis
2169 3245 2187 3264 .
2242 3192 2358 3263 Ex
2409 3178 3005 3277 Chroanari·

715 3302 801 3355 m
906 3305 1180 3361 anuto.
2935 3360 2940 3365 .

314 3400 509 3474 1132
559 3368 995 3494 Leonardus
1019 3383 1227 3461 Pleb.
1251 3384 1322 3463 S.
1350 3385 1828 3487 Margaritae.
1884 3390 2006 3467 Ex
2055 3388 2429 3469 sententia
2455 3385 3002 3481 HenticiDan-

714 3476 877 3557 duh
933 3482 1241 3564 Patriar.
1296 3486 1654 3565 Gradens.
2039 3568 2046 3575 .

318 3601 501 3679 1233
559 3574 940 3687 Henricus
984 3585 1450 3684 ‘Taleapetra
1500 3587 1989 3688 Archipresb.
2063 3588 2356 3689 Congr.
2410 3590 2484 3668 S.
2525 3590 2748 3667 Lucae
2791 3640 2810 3681 .,
2883 3583 3006 3660 Ex

717 3681 950 3793 ᾼτσὴ.
1004 3685 1221 3763 Cleri
1277 3686 2040 3789 Congregationum.
2782 3750 2790 3763 .

320 3782 511 3874 1287
567 3777 920 3859 Marinus
969 3784 1357 3865 Civranus
1409 3795 1593 3867 Not.
1648 3792 1767 3867 Ex
1821 3789 2118 3868 Codice
2178 3784 2560 3868 Publicor.

318 3904 508 3977 1317
559 3880 887 3979 Joannes
961 3883 1052 3961 de
1106 3887 1496 3967 Corbellis
1541 3948 1560 3967 .
1634 3890 2255 3970 Controversiam
2333 3889 2605 3968 habuit
2657 3887 3006 3967 adversus

710 3983 1085 4098 Ioannem
1139 3986 1336 4063 della
1390 3992 1646 4070 Rocca
1690 3992 2415 4071 Vicar.Generalem
2444 3993 2790 4068 Fratrum
2816 3990 3004 4066 Car-

714 4085 1150 4164 melttarum
1207 4110 1343 4186 pro
1398 4088 1685 4183 juribus
1734 4093 1878 4168 sua:
1933 4092 2282 4171 Ecclesia:
2317 4150 2336 4168 .
2391 4093 2512 4169 Ex
2564 4093 2739 4170 Cat.
2795 4089 3001 4168 Eccl.

323 4205 508 4278 1343
564 4179 1073 4265 Homobonus
1127 4188 1225 4265 de
1275 4188 1696 4267 GabrieliS.
1749 4193 1873 4267 Ex
1912 4193 2148 4292 ipsius
2207 4193 2534 4285 Testam.
2644 4252 2648 4273 .
2849 4261 2853 4264 ⁴

325 4305 521 4379 1354
573 4279 882 4363 Marcus
936 4291 1155 4366 Rana
1208 4291 1405 4369 Can.
1460 4292 1815 4368 Gradens.
1872 4295 1993 4372 Ex
2044 4321 2200 4396 rog.
2256 4290 2631 4375 Ludovici
2658 4287 3007 4370 Falconis

720 4383 928 4464 Pleb.
980 4390 1052 4468 S.
1095 4391 1456 4494 Stephani
1501 4392 1577 4475 8<
1620 4390 1808 4475 Not.

1504 4504 1535 4541 fl

2729 4517 2915 4591 1370
