3884 5342
968 464 1174 546 '314
1623 377 2801 524 DnEchnsm

866 586 1070 667 tium
1125 639 1152 684 ‚
1222 584 1787 694 interveniente
1856 584 2416 669 Decemviralis
2504 583 2832 667 Confilii
2907 585 3246 669 Decreto
3320 591 3566 675 Anno-

864 687 1519 772 Mcccccxxvm.
1570 690 1694 772 die
1747 712 1922 769 xxx.
1976 687 2443 771 Novembris
2492 687 2745 787 edito,
2798 688 2988 767 iram
3011 689 3380 771 Altiffimi
3416 690 3541 772 hu·

864 790 1074 871 milis
1128 792 1599 893 poenitentiae
1648 791 2005 896 operibus
2055 794 2153 871 ab
2204 793 2390 872 urbe
2441 810 2780 872 avertere
2826 790 3151 885 studuit,
3201 792 3578 877 solemni->

860 916 1011 990 que
1060 889 1609 995 supplicatione
1658 892 1936 975 indicta
1987 892 2298 995 plurimi
2351 917 2446 975 ex
2467 891 3004 975 confratribus
3055 890 3548 975 centesimum

863 1016 1242 1093 aequantes
1294 1020 1698 1076 numerum
1751 994 2057 1076 obtecio
2109 994 2334 1075 vultu
2406 994 2854 1096 nudatisque
2909 992 3246 1073 humeris
3297 996 3543 1096 publi-

861 1119 954 1173 ce
1006 1095 1325 1197 flagellis
1374 1097 1449 1177 se
1500 1099 1764 1178 cedere
1816 1096 2150 1177 maxima
2221 1120 2403 1176 cum
2454 1097 2662 1178 urbis
2714 1094 3214 1177 admiratione
3286 1098 3544 1176 volue·
3583 1172 3610 1197 ἱ

860 1215 1089 1292 runt3
1140 1222 1281 1278 nec
1333 1222 1599 1279 eorum
1655 1198 1920 1302 pietati
1974 1199 2146 1278 satis
2196 1196 2343 1277 fuit
2394 1198 2835 1300 sanguinem
2890 1223 3026 1299 pro
3066 1195 3335 1298 populi
3377 1220 3545 1300 pec-
3592 1198 3610 1226 ²²

859 1293 1051 1376 catis
1101 1298 1538 1395 effundere,
1589 1300 1714 1382 sed
1765 1299 1840 1379 8<
1890 1299 2225 1381 animam
2333 1325 2418 1380 ro
2470 1299 2822 1381 fratribus
2874 1318 3241 1403 ponentes
3288 1299 3542 1400 spreto

858 1396 1131 1479 mortis
1185 1399 1459 1483 timore
1482 1401 1982 1483 Confratrum
2035 1400 2262 1482 defun
2341 1425 2563 1482 orum
2616 1426 2748 1481 cor
2845 1403 2930 1482 ‘ra
2981 1398 3330 1502 pestifero
3350 1424 3547 1485 mot·

856 1498 960 1577 bo
1010 1501 1438 1586 exanimata
1488 1503 1992 1585 ecclefiasticis
2042 1501 2317 1584 ritibus
2368 1503 2673 1585 tumulo
2776 1505 3138 1584 ederunt.

916 1601 1104 1714 ‘His
1157 1605 1624 1686 admirabilis
1675 1604 1975 1709 pietatis
2027 1604 2303 1688 officiis
2376 1606 2487 1686 ita
2538 1604 2830 1688 civium
2880 1603 3020 1687 fibi
3070 1600 3370 1685 animos
3420 1604 3549 1686 de-

838 1725 1274 1784 mnxerunt
1322 1759 1349 1802 ,
1421 1728 1506 1785 ut
1556 1706 2058 1789 Confratrum
2134 1732 2457 1788 numero
2509 1707 2594 1786 in
2644 1705 2804 1789 dies
2854 1704 3326 1787 excrescente
3366 1759 3400 1801 2
3450 1707 3548 1789 de

857 1801 1227 1903 Collegio
1278 1806 1631 1908 ampliori
1706 1806 1788 1887 in
1842 1809 2017 1887 loco
2068 1807 2455 1888 fundando
2505 1806 2944 1887 consultum
2996 1804 3084 1884 stt
3127 1864 3147 1886 .
3201 1808 3296 1886 Iri
3353 1806 3549 1886 Divi

859 1903 1234 1984 Samuelis
1306 1906 1644 1987 confinio
1695 1911 1797 1989 ab
1850 1908 2183 1990 Ecclesia
2245 1908 2440 1991 Divi
2480 1905 2765 2010 Iuliani
2815 1905 2892 1987 di
2949 1908 3165 1987 reffos
3217 1907 3550 2008 primum

855 2003 1264 2117 constitisse
1315 2007 1517 2090 testis
1566 2007 1672 2089 est
1722 2011 2187 2108 Sabellicus3
2237 2009 2367 2111 qui
2423 2008 2557 2091 lib.
2603 2013 2701 2088 ΙΙ.
2756 2009 2847 2088 de
2929 2029 3042 2087 ltu
3091 2007 3328 2089 Urbis
3383 2011 3542 2089 affe·

849 2125 952 2183 nt
1002 2104 1461 2187 Rachianum
1511 2104 1929 2209 Collegium
1975 2109 2079 2190 ad
2127 2108 2358 2192 Rocbi
2408 2109 2508 2191 Θ
2526 2109 2877 2211 Susannae
2927 2134 3141 2188 aram
3191 2110 3543 2213 conceffifi

840 2205 968 2305 β.
1020 2207 1393 2291 Authoris
1445 2213 1683 2293 verba
1731 2212 1880 2311 jam
1932 2214 2208 2316 Operis
2262 2211 2485 2310 hujus
2539 2213 2770 2292 Tom.
2816 2213 2958 2290 111.
3010 2234 3176 2312 pag.
3226 2216 3385 2312 388.
3435 2212 3530 2290 al·

849 2309 1051 2405 lata,
1099 2308 1327 2390 liceat
1380 2310 1511 2391 hic
1564 2313 1846 2394 iterum
1896 2314 2312 2395 exhibere:
2358 2316 2415 2358 ‘⁶
2466 2310 2674 2394 Hinc
2728 2314 2972 2393 flexus
3019 2311 3115 2391 ad
3167 2310 3410 2393 Rochi
3453 2312 3521 2392 δι

844 2461 903 2505 ‚,
950 2408 1303 2523 Susannae
1376 2437 1585 2495 aram
1638 2443 1663 2493 τ
1731 2414 1887 2495 huc
1962 2415 2086 2494 his
2135 2414 2396 2516 paucis
2462 2413 2683 2497 annis
2731 2413 3223 2495 Rochianum
3277 2414 3532 2495 Colle·

850 2561 907 2607 „
954 2534 1171 2609 grum
1223 2516 1678 2597 concesserat
1726 2571 1761 2615 ‚
1807 2542 1894 2599 ac
1949 2515 2291 2618 pluribus
2345 2514 2680 2596 aedificiis
2728 2513 2890 2594 solo
2943 2514 3250 2616 aequatis
3301 2570 3328 2613 ,
3373 2538 3540 2616 quae

847 2662 907 2719 ‚2
956 2611 1060 2726 ad·
1100 2613 1248 2695 hoc
1296 2614 1542 2715 ipsum
1597 2636 1981 2701 coemerat
2039 2643 2327 2699 novum
2370 2614 2507 2697 fibi
2529 2616 2950 2713 conclave,
2998 2640 3171 2697 cum
3195 2613 3350 2693 divi
3375 2614 3537 2703 aede

848 2765 903 2808 ,‚
943 2736 1243 2815 ‘engere
1295 2717 1605 2800 adortus
1650 2718 1757 2801 est
1798 2749 1815 2801 ε
1870 2720 2167 2800 sublato
2218 2718 2398 2799 inde
2454 2717 2696 2799 veteri
2746 2716 3094 2821 lupanari
3145 2717 3544 2818 ingentem

845 2866 900 2911 ‚‚
949 2817 1463 2918 explicaverat
1512 2819 1607 2899 ad
1658 2821 2184 2903 aedificandum
2237 2845 2531 2900 aream:
2584 2844 2821 2921 quum
2876 2834 3186 2922 repente
3236 2839 3544 2900 mutato

839 2968 895 3013 2,
944 2917 1261 3001 confilio
1314 2947 1495 3001 cum
1549 2921 1715 3024 ipsis
1767 2924 1989 3005 sacris
2040 2978 2067 3021 ,
2117 2949 2204 3004 ac
2257 2923 2450 3002 Divi
2503 2945 2822 3038 corpore
2872 2946 2967 3001 ex
3018 2918 3247 3023 gallia
3303 2944 3548 3022 nuper

842 3071 906 3115 „
949 3017 1203 3100 delato
1255 3051 1275 3101 ε
1328 3023 1403 3103 8:
1455 3025 1659 3126 quod
1711 3051 1849 3127 pro
1902 3048 2244 3128 ternpore
2297 3024 2379 3103 in
2432 3021 2880 3103 Geminiani
2929 3022 3183 3124 phano
3234 3021 3536 3123 religio-

844 3172 903 3217 „
954 3119 1025 3197 se
1081 3120 1322 3202 fuerat
1376 3126 1867 3204 asservatum:
1922 3126 2004 3206 in
2061 3126 2640 3206 vetustiffimum
2696 3124 3038 3227 phanum
3061 3124 3263 3204 ultra
3285 3122 3535 3203 rivum

850 3273 907 3316 ‚,
957 3223 1496 3324 commigravit
1550 3255 1571 3304 ;
1644 3227 2044 3308 noviffime
2099 3226 2281 3308 hinc
2335 3253 2514 3309 cum
2566 3225 2782 3307 omni
2834 3224 3254 3306 cerimonia
3309 3222 3538 3333 profe·

845 3373 903 3418 ‚‚
954 3319 1164 3437 &um
1238 3350 1417 3405 eum
1467 3326 1669 3408 cirea
1724 3328 2133 3411 Minorum
2205 3330 2442 3411 aedem
2495 3329 2754 3409 locum
2808 3324 3251 3406 instauravi-t
3305 3380 3334 3423 ‚
3407 3323 3539 3407 ubi

847 3475 902 3519 ‚‚
952 3446 1196 3523 prima
1248 3426 1539 3508 fuerant
1593 3430 1775 3510 divo
1844 3428 2029 3530 jacta
2082 3431 2574 3512 fundamenta
2613 3484 2640 3527 ,
2714 3428 2816 3509 est
2869 3428 2947 3507 id
3003 3426 3239 3507 hodie
3286 3450 3539 3529 quam-

850 3576 906 3621 „
954 3549 1185 3638 quam
1238 3555 1500 3610 recens
1551 3555 1648 3610 ex
1698 3531 2033 3636 quinque
2076 3533 2592 3614 celeberrimis
2618 3531 2826 3610 urbis
2848 3529 3243 3630 collegiis;
3300 3552 3542 3608 unum

845 3677 902 3722 ‚.,
955 3626 1111 3706 illis
1163 3628 1402 3730 igitur
1453 3632 1909 3715 abeuntibus
1983 3639 2196 3715 locus
2247 3637 2352 3715 est
2402 3635 2683 3712 iterum
2760 3631 3274 3733 prophanatus
3327 3659 3348 3708 τ
3420 3628 3538 3715 sed

843 3778 901 3823 ,‚
952 3751 1107 3807 non
1163 3731 1413 3812 multo
1466 3735 1631 3834 post
1705 3735 1786 3814 in
1839 3737 2130 3816 sacrum
2186 3737 2401 3814 usum
2476 3734 2870 3814 restitutuss-
2915 3762 2932 3810 ε
3009 3730 3540 3830 traductusque

837 3879 900 3923 ,‚
951 3851 1045 3944 eo
1097 3828 1447 3934 frequens
1502 3835 1887 3938 virginum
1940 3859 2186 3919 coetus
2261 3838 2450 3917 aedes
2501 3859 2680 3916 curn
2736 3833 3074 3935 virginio
3128 3833 3532 3913 tumultua-

834 3980 890 4025 π
942 3952 1059 4008 1⁹¹0
1112 3956 1304 4032 pene
1379 3961 1605 4038 opere
1675 3938 2017 4018 extrucia
2073 3970 2090 4018 :
2165 3937 2442 4017 Rocho
2493 3936 2568 4016 8<
2620 3938 2968 4021 Susanna·
3039 3935 3240 4016 sacra
3316 3932 3530 4012 relin-

833 4083 891 4139 ῃ
939 4053 1186 4130 quunt
1231 4037 1329 4113 ⁶⁶.
1382 4036 1889 4119 Vetustiffima
1942 4041 2017 4119 8<
2071 4041 2351 4141 ignotae
2403 4037 2730 4140 originis
2776 4038 2883 4118 ibi
2941 4057 3099 4116 erat
3153 4034 3381 4115 Divae
3403 4033 3532 4111 Su-

840 4133 1089 4247 sanna„
1140 4137 1474 4218 Ecclefia
1525 4144 1555 4240 (
1596 4143 1970 4239 Romanae·
2018 4169 2112 4222 ne
2156 4168 2251 4220 an
2295 4137 2775 4223 Babilonenfi
2819 4138 3064 4218 dicata
3107 4130 3536 4228 incertum)

835 4259 1050 4332 cujus
1105 4238 1527 4321 titulusex
1581 4242 1933 4322 Sodalitii
1988 4245 2325 4324 adventu
2402 4240 2686 4339 adjecto
2738 4240 2994 4320 Rochi
3049 4238 3367 4318 nomine
3418 4260 3535 4335 ge-

834 4337 1173 4420 minatus
1224 4341 1419 4437 fuit,
1471 4343 1546 4418 8<
1600 4343 2045 4423 Sanctarum
2078 4343 2330 4425 Rochi
2383 4345 2456 4421 8<
2497 4341 2847 4420 Susannae
2897 4339 3099 4421 dieta
3149 4338 3302 4436 est,
3357 4334 3532 4438 post-

832 4441 1152 4520 modum
1208 4466 1392 4523 vero
1445 4462 1541 4521 ex
1593 4441 1915 4527 fundato
1965 4472 2007 4524 a
2043 4442 2756 4527 Sanfflmonialium
2781 4445 2851 4524 S.
2877 4441 3318 4544 Margaritae
3343 4441 3536 4621 ‘11’oe-

3289 4565 3376 4622 ce
3409 4585 3442 4601 ·
