3884 5342
850 410 925 492 S.
987 408 1472 492 NtcoLm
1542 428 1673 484 DE
1737 404 2465 490 ΤοιεΝτῐΝο.
2717 428 2879 514 235

332 558 744 640 Recensere
795 580 1061 638 omnes
1107 582 1298 659 quos
1346 559 1442 638 ab
1498 556 1741 638 haerefi
1784 611 1814 654 ‚
1860 581 1906 635 a
1955 558 2283 659 JudaIcis
2334 556 2604 638 ritibus
2646 555 2716 635 8<
2761 583 2803 634 a
2858 540 3141 667 tur-L„-

327 662 410 764 pi
462 661 1007 741 Saracenorum
1056 657 1248 738 see‘ta
1297 658 1392 740 ad
1443 659 1809 739 Romana:
1828 659 2179 740 Ecclefiae
2228 657 2605 760 gremium
2650 660 3011 756 traxerit,

323 786 420 843 ac
473 761 840 849 miracula
878 814 910 856 ,
976 759 1262 862 quibus
1304 761 1855 842 Deo-authore
1927 760 2105 842 fidei
2156 759 2555 842 catholicae
2607 761 3009 842 veritatem

327 861 992 968 comprobaverit,
1042 862 1362 964 longum
1418 863 1638 942 effer.
1687 864 1959 943 Unum
2011 888 2155 964 pro
2198 859 2497 942 cunetis
2533 861 3018 941 memorabo.

229 1059 234 1066 .
319 964 674 1066 Judaeum
728 961 986 1053 David
1035 963 1351 1044 nomine
1404 963 1930 1043 Christianum
1984 964 2287 1044 reddere
2335 960 2685 1042 Venetiis
2734 960 3023 1042 niteba-

314 1085 500 1142 tur.
555 1066 664 1144 At
717 1063 868 1148 ille.
906 1062 1147 1142 nimia
1187 1065 1989 1166 caecitatecorreptus,
2036 1090 2123 1144 ac
2147 1063 2394 1144 cordis
2415 1059 2749 1156 duritia,
2792 1061 3022 1141 Chri-

326 1163 806 1254 sti-Domini
862 1164 944 1246 in
999 1164 1473 1246 Eucharistia
1544 1166 2007 1270 praesentiam
2079 1166 2294 1245 omni
2364 1188 2542 1245 cum
2592 1161 3028 1243 obstinatio-

319 1287 427 1344 ·ne
483 1267 860 1363 negabat.
911 1266 1142 1346 Tunc
1163 1267 1491 1367 Ioannes
1540 1269 2047 1349 consecratam
2102 1267 2419 1347 hostiam
2475 1290 2707 1345 manu
2760 1286 3029 1344 tenens

330 1391 376 1444 a
428 1366 753 1446 Christo
805 1367 1148 1446 exoravit
1191 1421 1221 1463 ,
1288 1390 1376 1447 ut
1428 1371 1526 1448 ab
1576 1369 1866 1448 infideli
1920 1368 2241 1448 homine
2311 1366 2520 1447 cerni
2575 1379 2955 1469 pateret-ur
3005 1420 3027 1442 .

335 1467 642 1547 Annuit
696 1467 1056 1546 Servator.
1102 1468 1466 1570 Optimus
1505 1524 1538 1566 ‚
1598 1470 1848 1569 ficque
1917 1468 2164 1548 divini
2237 1468 2499 1547 vultus
2549 1466 2738 1545 radii
2789 1464 3029 1566 Judaei

331 1567 610 1648 oculos
662 1567 1150 1668 perstrinxere
1190 1623 1221 1666 ‚
1288 1591 1374 1668 ut
1428 1571 1510 1648 in
1564 1595 1810 1672 genua
1866 1571 2311 1686 provolutus
2360 1567 2583 1646 fidem
2641 1567 3032 1665 amplexus

311 1667 624 1765 suerit,
675 1693 978 1771 unaque
1028 1695 1212 1750 curn
1260 1670 1408 1751 suis
1460 1671 1642 1751 sacri
1695 1671 1932 1749 fontis
1981 1670 2282 1750 lavacro
2354 1666 2564 1746 ablui
2616 1666 3035 1770 postulave·
3162 1695 3169 1700 ·

311 1769 438 1849 ·rit
486 1819 518 1864 .‚
589 1768 718 1871 qui
774 1795 1046 1849 omnes
1118 1770 1202 1849 in
1253 1771 1401 1852 fide
1459 1796 1694 1873 usque
1764 1772 1858 1851 ad
1935 1793 2364 1850 extremum
2439 1767 2618 1848 vitae
2686 1766 3031 1870 spiritum

321 1867 955 1972 permanserunt.
1012 1869 1484 1952 Miraculum
1542 1894 1790 1954 narrat
1842 1873 1908 1951 E
1964 1870 2735 1974 iscopusCasertanus
2781 1870 2915 1948 suo
2955 1868 3038 1947 in

321 1973 551 2052 *libro
622 1971 1140 2074 manuscripto
1207 1975 1304 2054 de
1353 1973 1674 2065 Actibus
1748 1900 2195 2054 Sangorum
2253 1975 2560 2051 Parrum
2619 1969 3039 2050 Theatino·

325 2097 567 2252 ruff,
619 2074 824 2174 quod
854 2099 1022 2191 ‘ego
1068 2089 1373 2178 quoque
1427 2101 1470 2154 a
1522 2075 1934 2176 maioribus
1985 2073 2255 2156 nostris
2305 2070 2768 2152 sanffiffimis
2792 2069 3036 2151 homi-

341 2197 424 2254 m
489 2198 574 2253 us
624 2199 797 2254 acce
853 2201 922 2253 ι.
2156 2201 2163 2218 ·
2512 2207 2520 2216 ·

319 2315 328 2324 ·
442 2275 658 2375 Saepe
706 2201 1320 2360 ianucharistia
1368 2277 1763 2359 Christum
1821 2277 2021 2358 vidit
2062 2333 2087 2374 ,
2159 2273 2563 2379 praesertim
2638 2295 2815 2354 cum
2871 2297 3038 2373 my·

315 2371 664 2453 ⁴sterium
711 2376 1168 2457 celebraret.
1226 2383 1456 2459 Tunc
1510 2381 1715 2461 enim
1759 2381 2099 2460 maxime
2132 2397 2475 2458 amanter
2516 2402 2696 2455 cum
2737 2374 2878 2455 illo
2900 2373 3042 2451 ser-

338 2498 664 2553 monem
715 2480 1198 2577 conserebat‚
1251 2506 1394 2562 nec
1445 2482 1596 2562 fine
1635 2481 2091 2584 lachrymis.
2148 2481 2295 2559 Fac
2321 2477 2661 2557 Domine
2701 2473 3043 2577 (ajebat)

323 2577 656 2675 quando
701 2579 1010 2676 quidem
1084 2607 1224 2683 pro
1290 2609 1416 2663 me
1488 2586 1682 2686 apud
1734 2585 1883 2662 Cal
1942 2581 2175 2661 ariam
2230 2577 2475 2660 Cruci
2546 2576 2751 2694 affigi
2806 2574 3044 2689 passus

324 2695 474 2769 ες,
530 2703 614 2757 ac
667 2679 806 2758 sub
857 2683 1348 2782 Sacramento
1399 2684 1734 2763 mirabili
1789 2709 1878 2782 pa
1938 2682 2139 2761 tonis
2188 2699 2335 2760 tuat
2378 2703 2829 2758 memoriam
2875 2676 3043 2755 relt-

329 2775 572 2876 quisti
615 2831 644 2871 ‚
720 2799 805 2854 ut
860 2805 996 2878 pro
1047 2804 1122 2864 te
1175 2783 1357 2860 dum
1412 2784 1680 2862 vixero
1730 2782 2155 2881 graviffima
2204 2804 2520 2894 quaeque
2566 2777 2963 2857 sustineam
3016 2827 3047 2870 ,

333 2881 438 2952 ac
506 2875 810 2952 tandem
865 2879 1107 2956 Cruci
1161 2881 1393 2958 etiam
1445 2883 1712 2958 affixus
1768 2882 2007 2958 vitam
2060 2878 2385 2958 feliciter
2436 2878 2867 2959 effundam.

404 2972 581 3087 ‘Ibi
633 2974 866 3054 etiam
891 2979 1236 3057 Salvator
1271 2979 1734 3082 .penitiffima
1787 2981 1963 3060 fidei
2018 2978 2279 3061 nostrae
2317 2979 2797 3060 Sacramenta
2818 2978 3044 3077 Joan-

313 3093 431 3151 -m
490 3075 891 3174 detegebat
948 3108 970 3156 :.
1025 3080 1501 3180 ‚immensum
1558 3082 1916 3162 videlicet
1990 3107 2330 3161 amorem
2383 3105 2559 3181 erga
2610 3079 2962 3160 homines
3011 3131 3041 3174 ‚

325 3197 514 3287 quo
560 3173 659 3287 s¹.‘³
705 3176 976 3273 peetus
1025 3180 1184 3278 ejus
1237 3180 1592 3261 aestuabat-
1625 3236 1658 3277 ‚
1727 3202 1811 3260 ut
1865 3207 2041 3261 curn
2096 3184 2193 3261 de
2242 3181 2455 3261 illius
2520 3182 2743 3263 obitu
2795 3181 3039 3260 sermo

331 3293 500 3366 erit
550 3274 940 3372 dicemus,
992 3303 1150 3358 non
1203 3282 1569 3364 naturalis
1619 3287 1985 3379 morbus,
2031 3309 2117 3362 ac
2137 3282 2415 3378 febris,
2463 3283 2586 3380 sed
2637 3282 2903 3362 ardens
2955 3279 3039 3359 in

337 3375 614 3456 Deum
668 3401 884 3490 amor
932 3379 1210 3477 Ioanni
1262 3406 1590 3461 mortem
1645 3384 2033 3463 attulerit.
2084 3386 2513 3485 Detegebat
2566 3383 2798 3463 etiam
2849 3384 3043 3461 sum·

325 3499 549 3555 mam
604 3477 757 3556 Det
810 3478 1376 3561 miserationem
1429 3483 1512 3561 in
1565 3503 1893 3585 nequam
1949 3483 2399 3564 hominibus
2448 3484 2816 3578 ferendis,
2867 3482 3040 3561 illo·

328 3599 667 3678 rumque
748 3579 1199 3677 poenitentia
1256 3583 1712 3685 expectanda
1782 3587 1967 3687 saepe
2036 3584 2110 3662 ei
2186 3610 2319 3687 pro
2371 3583 2833 3664 Christianis
2886 3607 3045 3682 pre·

330 3678 554 3757 canti
597 3700 766 3772 sut
819 3679 1105 3761 scilicet
1155 3706 1274 3765 tot
1330 3687 1804 3765 calamitates
1839 3741 1866 3781 ‚
1933 3685 2211 3787 quibus
2266 3685 2540 3786 jugiter
2591 3682 3041 3762 afflictaban-

331 3780 678 3891 tun-ab
731 3779 826 3861 iis
877 3805 1249 3863 averteret
1294 3814 1320 3878 ς
1371 3788 1752 3888 respondit
1809 3786 2201 3865 Dominus
2254 3788 2481 3865 semel
2536 3814 2554 3863 :
2605 3779 2763 3864 Fili
2841 3814 2869 3860 t
2907 3807 3043 3882 pro

325 3878 774 3990 honrembus
821 3907 952 3980 ego
1004 3883 1100 3962 ab
1154 3880 1620 3967 incunabulis
1688 3911 1804 3968 tot
1850 3887 2198 3966 innocens
2243 3880 2644 3965 exantlavi
2692 3882 2774 3964 la
2824 3913 2976 3964 ores
3010 3939 3039 3982 ‚

317 3982 514 4085 fieri
574 4008 721 4093 norff
759 4003 936 4079 pote
1015 4040 1046 4082 ,
1093 4009 1178 4064 ut
1195 3984 1528 4069 homines
1560 3990 1810 4091 sbntes
1855 4016 2027 4068 cum
2061 3987 2223 4090 stnt
2270 3985 2460 4067 mihi
2507 3987 2759 4068 vicem
2806 4009 3048 4086 repen-

331 4080 544 4194 dqnt
559 4136 603 4193 ‚·
636 4081 774 4184 mst
822 4079 904 4164 la
993 4115 1103 4167 res
1140 4088 1520 4187 patienter
1557 4088 1977 4191 sustinendo
2004 4148 2025 4166 .
2084 4093 2369 4167 Iterum
2396 4089 2817 4191 respondit:
2868 4096 3051 4195 Bep-

341 4206 414 4262 τι
471 4192 963 4294 ᾳαιᾯνασενη
997 4189 1223 4289 suam
1272 4217 1471 4291 aezquo
1523 4192 1770 4269 animo
1809 4190 2071 4291 serunt
2110 4247 2131 4265 .
2183 4188 2289 4267 Hi
2338 4189 2539 4268 enim
2591 4217 2737 4266 non
2786 4182 3060 4264 medlo-

344 4307 557 4363 crem
612 4310 692 4359 m
743 4283 943 4369 coelis
997 4319 1045 4367 a
1097 4319 1220 4370 me
1261 4289 1628 4391 accipient
1667 4288 2375 4392 remunerationem.
2427 4290 2907 4393 Quandoque
2934 4310 3051 4364 ve-

347 4413 450 4466 ro
503 4385 905 4488 detegebat
979 4394 1263 4477 mirum
1318 4398 1463 4476 suae
1517 4394 1791 4512 divinae
1848 4390 2342 4573 progdentia:
2412 4391 2767 4505 ordinem·
2802 4444 2867 4568 ‚f
2897 4411 3056 4488 quo

1576 4515 1580 4526 ⁴
1867 4565 1886 4570 ,
2077 4517 2129 4594 g
2234 4524 2279 4572 2.
2746 4515 2825 4588 ip
2858 4514 2960 4569 as·
