3884 5342
1063 376 1223 480 318
1682 372 2848 458 DEEchESIA

922 525 1372 626 largientem
1421 522 1813 625 expreffit,
1864 544 2253 622 nunquam
2308 515 2478 594 satis
2533 510 2835 592 laudato
2887 509 3145 625 labor-e
3204 511 3596 599 Tinsslore·

920 628 1088 724 ius,
1142 626 1223 705 in
1280 625 1606 728 hospitio
1660 625 1892 702 etiarn
1951 618 2422 702 Praecursoris
2479 616 2816 729 Matrem
2869 637 2912 688 a
2971 612 3298 714 De1para
3341 617 3595 719 Virgi-

922 752 1018 804 ne
1072 726 1442 807 visitatam
1487 782 1514 821 ‚
1564 727 1638 804 8<
1690 727 2279 824 Redemptorem
2336 715 2668 799 nostrum
2744 739 2826 791 in
2882 712 3193 815 praesepe
3247 737 3509 801 natum
3562 777 3594 817 ‚

918 830 1006 903 ad
1062 829 1465 926 jordanem
1522 824 2036 927 baptizatum,
2085 847 2180 901 ex
2233 836 2742 901 monumento
2796 815 3356 915 resurgentem,
3407 846 3596 905 cum

919 928 1304 1029 Apostolis
1354 929 1998 1019 discumbentem,
2051 946 2278 1026 panes
2300 922 2678 1024 piscesque
2703 915 3393 1014 multiplicantem,
3446 946 3600 1002 coeo

917 1053 1094 1105 cum
1153 1048 1414 1106 natum
1472 1029 2041 1109 illuminantem
2090 1081 2115 1120 ‚
2187 1025 2281 1104 ad
2353 1023 2592 1102 coelos
2643 1018 3191 1097 Ascendentem
3237 1070 3266 1116 ‚
3335 1023 3410 1100 8<
3476 1049 3596 1122 pa·

913 1129 1323 1228 ralyticum
1378 1129 1514 1209 sub
1569 1129 1971 1228 probaticae
2024 1127 2322 1229 piscinae
2375 1123 2675 1226 porticu
2727 1123 3108 1198 sanantem
3151 1174 3178 1216 ,
3251 1123 3593 1203 mirabili

912 1230 1092 1308 artis
1146 1229 1492 1330 prodigio
1546 1229 2147 1329 repraesentavit.
2203 1226 2511 1305 Tabula
2562 1246 2864 1339 quoque
2919 1220 3202 1301 Altaris
3253 1222 3592 1322 ejusdem

910 1329 1329 1429 pennicillo
1380 1331 1775 1413 efformata
1829 1330 2128 1409 Divum
2182 1328 2542 1408 Rochum
2617 1322 2958 1402 infirmos
3029 1324 3412 1439 san-antem
3471 1350 3593 1404 ex·

911 1431 1175 1529 hibet,
1226 1431 1531 1534 ejusque
1585 1432 1860 1536 pariter
1911 1431 2207 1511 labores
2260 1430 2424 1510 sunt
2482 1426 2868 1534 Divorum
2922 1423 3171 1503 Rochi
3248 1426 3324 1503 8<

907 1532 1127 1612 stiani
1178 1533 1597 1635 imagines,
1650 1533 1849 1612 inter
1902 1534 2095 1613 aulae
2147 1529 2495 1613 fenestras
2547 1523 2905 1628 dispositae
2945 1579 2972 1620 ,
3025 1550 3162 1605 nec
3219 1550 3376 1604 non
3431 1530 3588 1628 plu·

906 1632 1117 1713 rimae
1168 1634 1461 1737 antiqui
1518 1635 1948 1716 testamenti
2006 1631 2332 1713 historiae
2383 1632 2466 1711 in
2519 1629 2848 1728 ejusdem
2888 1626 3076 1705 aulae
3120 1628 3461 1707 lacunari
3507 1630 3587 1708 li·

904 1735 1119 1835 gneis
1171 1737 1541 1816 caelaturis
1593 1756 1864 1816 ornato
1910 1736 2347 1816 collocatas.
2490 1731 2637 1812 uod
2689 1748 2944 1809 autem
2998 1727 3582 1843 celeberrimum

901 1835 1208 1917 illustris
1261 1836 1600 1917 authoris
1653 1865 1843 1941 opus
1894 1859 2151 1933 extat,
2199 1837 2307 1915 est
2350 1836 2435 1936 Je
2475 1831 3075 1943 uRedemptorls
3096 1829 3581 1944 Crucifixio,

902 1960 1067 2035 qua:
1121 1936 1202 2014 in
1256 1937 1585 2037 hospitio
1639 1941 1666 2040 (
1713 1941 2052 2039 Albergo
2101 1958 2385 2018 vocant
2427 1935 2456 2033 )
2509 1935 2698 2015 aulae
2741 1932 3120 2046 ‚adjacenti
3175 1954 3272 2010 ex
3323 1935 3583 2012 adver·

903 2040 982 2112 so
1040 2036 1273 2132 januae
1325 2038 1647 2138 visitur,
1698 2041 1910 2140 cujus
1961 2040 2322 2120 meritum
2374 2061 2553 2118 cum
2608 2032 2740 2136 ipfi
2791 2031 3095 2112 authori
3152 2031 3579 2133 placuisset,

899 2137 1145 2217 eidem
1203 2165 1488 2220 nornen
1540 2141 1758 2221 suum
1813 2143 2223 2222 inscribere
2278 2138 2595 2231 voluit,
2665 2160 2868 2215 anno
2929 2139 3142 2232 1565.
3195 2136 3400 2235 quod
3451 2136 3580 2214 tri·

899 2241 1039 2318 bus
1095 2243 1626 2325 tantummodo
1677 2266 1774 2322 ex
1826 2243 1975 2323 suis
2028 2241 2381 2344 operibus
2433 2235 2943 2350 supposuisse,
2997 2258 3136 2334 pro
3187 2257 3392 2315 certo
3439 2236 3566 2315 ha·

900 2342 1206 2419 bemus.
1266 2343 1388 2422 Ad
1440 2344 1628 2422 alios
1685 2343 1903 2442 hujus
1961 2343 2266 2445 hospitii
2327 2340 2643 2442 parietes
2695 2336 3095 2416 Christum
3155 2334 3344 2417 veste
3393 2336 3568 2415 alba'

894 2439 1504 2540 circumdatum,
1556 2445 1634 2520 in
1693 2444 2125 2544 praetorium
2178 2441 2633 2538 addue’cum,
2684 2458 2907 2538 atque
2959 2434 3449 2519 adCalvariae
3471 2438 3577 2516 lo·

894 2562 1070 2619 cum
1128 2541 1465 2621 Crucem
1522 2544 1985 2624 deferentem
2032 2599 2058 2641 ,
2127 2566 2269 2623 nec
2325 2568 2482 2622 non
2535 2543 2616 2620 in
2672 2537 3007 2619 lacunari
3062 2537 3580 2619 admirandam

896 2665 1071 2719 vere
1128 2642 1317 2720 Divi
1372 2644 1627 2723 Rochi
1677 2646 2093 2747 imaginem
2169 2643 2504 2744 superius
2555 2641 2900 2721 laudatus
2974 2637 3093 2718 vir
3135 2637 3582 2718 admirabili

892 2761 1050 2820 arte
1101 2744 1695 2844 repraesentavit.
1752 2748 1876 2826 De
1931 2749 2073 2827 hac
2132 2746 2320 2825 Divi
2365 2743 2618 2824 Rochi
2669 2740 2926 2841 effigie
2979 2737 3360 2818 memoriae
3407 2764 3616 2848 pro·—

890 2841 1138 2922 ditum
1196 2843 1296 2923 est
1346 2900 1370 2941 ,
1436 2849 1641 2946 quod
1713 2849 1898 2926 dum
1971 2848 2351 2928 aedificatae
2403 2844 2579 2926 aedis
2653 2864 2995 2943 tempore
3056 2837 3369 2955 plurimi
3422 2842 3580 2938 ejus

892 2942 1034 3022 aevi
1090 2946 1409 3026 illustres
1465 2948 1782 3047 pieiores
1824 3004 1849 3047 ,
1915 2948 2265 3028 certatim
2319 2948 2614 3027 labores
2665 2945 2836 3023 suos
2885 2943 2976 3020 ad
3029 2962 3224 3021 tanti
3280 2941 3574 3025 aedificii
3691 2962 3697 2968 ·

889 3066 1245 3125 ornatum
1301 3050 1799 3145 exhiberent,
1851 3049 2201 3129 Sodalitii
2253 3047 2578 3130 rectores
2619 3046 3035 3158 jusserunt,
3077 3063 3162 3121 ut
3186 3042 3592 3145 unusquis-⁴

889 3166 1037 3243 que
1090 3146 1551 3244 diagramma
1624 3151 1931 3251 aliquod
1985 3153 2065 3228 in
2120 3152 2263 3230 suae
2413 3149 2605 3229 ritiae
2641 3142 3178 3227 'testimonium
3234 3144 3568 3225 efforma-

888 3264 1108 3340 rent,
1158 3268 1323 3344 quae
1375 3250 1555 3326 dum
1610 3250 1738 3330 alii
1800 3274 2060 3352 parant
2117 3176 2609 3331 Tinefgretus
2662 3274 2820 3329 non
2872 3245 3265 3327 celeritate
3319 3246 3568 3324 minus

890 3366 1117 3457 quam
1177 3346 1487 3433 scientia
1541 3351 1890 3451 praeditus
1966 3352 2386 3454 imaginem
2444 3349 2636 3430 Divi
2690 3345 3069 3429 Titularis
3137 3345 3222 3426 in
3277 3349 3562 3449 laquee-

884 3468 950 3521 τι
1005 3446 1527 3529 collocandam
1582 3453 1915 3549 obtulit,
1966 3454 2177 3554 cujus
2229 3451 2878 3555 pulchritudinem
2903 3470 3082 3529 cum
3103 3449 3564 3549 aemuliquo·

881 3562 1076 3645 que,
1130 3569 1215 3627 ut
1264 3574 1397 3651 par
1449 3573 1655 3649 erat,
1708 3554 2057 3635 laudibus
2109 3554 2539 3636 extulissent
2584 3607 2611 3648 ‚
2682 3553 2774 3631 ad
2828 3552 3088 3630 locum
3142 3551 3557 3630 ornandum

879 3650 1187 3828 ἐκτενὲς.
1220 3652 1367 3732 sese
1420 3653 2012 3738 subducentibus
2066 3653 2417 3737 unanimi
2457 3653 2962 3735 Confratrum
2998 3651 3372 3733 consensu
3422 3653 3558 3732 ele·

959 3772 1041 3829 υς
1118 3774 1271 3833 ult.
2255 3790 2266 3797 ·

978 3851 1143 3949 Jam
1198 3854 1530 3955 superius
1598 3856 1887 3937 dielum
1959 3858 2064 3938 est
2111 3856 2511 3939 Christum
2577 3854 2762 3937 sune
2812 3853 3211 3957 alligatum
3255 3910 3285 3954 ‚
3354 3855 3423 3934 8<
3469 3850 3556 3931 in

876 3975 1002 4031 ara
1054 3950 1401 4037 Ecclefiae
1455 3958 1876 4040 honorifice
1923 3959 2390 4040 collocatum
2446 3957 2748 4039 Titiani
2800 3982 2988 4058 opus
3040 3960 3182 4039 ess'e
3223 4012 3252 4054 ,
3303 3955 3428 4058 qui
3479 3952 3555 4031 8<

878 4052 1280 4174 Virginem
1333 4083 1376 4137 a
1427 4061 1784 4141 Gabriele
1838 4060 2325 4164 Archangelo
2364 4060 2918 4142 Annuntiatam
2971 4058 3222 4163 pinxit
3275 4059 3367 4140 ad
3417 4056 3559 4136 sca·-

874 4153 966 4234 1ae
1020 4180 1323 4273 majoris
1374 4163 1693 4262 parietes
1744 4163 2240 4244 collocatam.

973 4259 1299 4361 Antiqui
1352 4263 1606 4342 cultus
1660 4263 1874 4346 Divo
1926 4265 2204 4347 Rocho
2277 4263 2610 4347 exhibiti
2687 4261 3118 4344 testimonia
3172 4274 3389 4342 erant
3438 4280 3551 4337 ve·

874 4356 1061 4440 xilla
1113 4363 1451 4461 quaedam
1506 4363 1735 4445 serica
1788 4364 2080 4468 depiela
2132 4393 2175 4446 a
2229 4367 2458 4449 variis
2499 4367 2740 4449 Italiae
2780 4366 3222 4448 civitatibus
3275 4365 3553 4478 ingra-

2829 4514 2838 4521 ·
3331 4487 3458 4546 tta-
