3884 5342
351 2471 496 2604 S.
556 2470 1297 2610 ROCHI
1406 2458 3051 2610 CONFESSORIS.

787 2782 1114 2878 Bscura,
1162 2783 1236 2860 8(
1288 2771 1522 2861 exilia
1563 2772 1765 2882 'a'pud
1821 2774 2012 2859 Divi
2037 2774 2322 2880 Iuliani
2376 2776 3047 2889 Templum-exor-

352 2918 363 2931 ·
842 2882 968 2958 dia
1021 2881 1289 2961 habuit
1344 2879 1628 2960 illustre
1704 2907 1904 2960 nunc
1961 2877 2153 2958 Divi
2205 2877 2458 2957 Rochi
2516 2878 2963 2987 Sodahtturrt
3018 2927 3049 2966 ,

842 2982 1046 3082 quod
1099 2982 1299 3061 inter
1353 3007 1657 3082 magnas
1709 2983 1841 3082 (ut
1896 2980 2224 3074 vocant)
2279 2977 2511 3059 Urbis
2560 2978 2793 3056 scolas
2859 3000 3050 3074 prm-

841 3082 1089 3182 cipem
1143 3084 1450 3179 locum,
1502 3082 1577 3162 8<
1629 3078 1901 3163 aedium
1958 3076 2568 3182 magnificentia,
2620 3080 2693 3158 8(
2748 3075 3049 3178 piorum

394 3261 405 3269 ,
841 3208 1156 3282 operum
1215 3209 1536 3282 numero
1589 3185 1747 3282 jure
1799 3179 1872 3262 8<
1926 3185 2203 3262 merito
2256 3181 2792 3261 fibivindicat.
2854 3179 3051 3256 Fun·

357 3278 624 3360 datum
680 3281 890 3361 fuisse
973 3282 1053 3362 in
1107 3308 1196 3362 ea
1251 3283 1584 3365 Ecclefia
1661 3286 1982 3365 traditur
2055 3284 2256 3364 circa
2303 3308 2587 3362 annum
2647 3281 3047 3359 Mccccxv.

354 3405 458 3473 eo
510 3380 794 3460 scilicet
849 3404 1236 3485 tempore,
1284 3411 1438 3486 quo
1463 3410 1618 3464 xvr.
1674 3386 2025 3487 Synodus
2059 3384 2563 3476 (Ecumenica
2585 3377 3050 3463 Constantiae

353 3479 627 3575 ,can’ta
681 3482 872 3560 Divi
928 3485 1182 3570 Rechi
1237 3483 1704 3584 sancititatern
1761 3488 1834 3565 8<
1886 3486 2183 3565 cultum
2261 3484 2572 3585 publico
2631 3480 3051 3561 veneratio-

359 3581 488 3661 nis
547 3579 977 3661 testimonio
1030 3611 1125 3686 ap
1181 3585 1477 3664 robavit
1520 3643 1546 3683 ‚
1598 3589 1901 3689 eiusque
1956 3584 2468 3688 patrocinium
2524 3583 2870 3660 adversus
2922 3580 3051 3657 foe-

361 3682 460 3761 de
515 3683 958 3783 gliscentem
1016 3711 1100 3785 pe
1167 3685 1510 3767 ilentiam
1570 3691 1917 3791 prospero
1961 3710 2242 3768 eventu
2286 3685 2545 3786 populi
2590 3684 2843 3785 paffim
2891 3704 3055 3759 orn·

346 3809 503 3862 nes
557 3783 1061 3883 implorarunt
1114 3813 1141 3879 ς
1214 3814 1377 3890 quae
1431 3787 1735 3889 quidem
1791 3789 1996 3870 circa
2052 3810 2390 3888 tempora
2432 3843 2458 3883 .,
2529 3784 2605 3864 8(
2657 3784 2861 3864 aliud
2918 3783 3051 3860 rni-

340 3884 572 3974 noris
627 3885 794 3962 sane
850 3886 1181 3966 nominis
1235 3890 1690 3971 sodalitium
1744 3892 1941 3992 apud
1994 3891 2063 3967 S.
2121 3887 2394 3967 Mariae
2450 3887 2858 3984 Gloriosae‚
2911 3886 3053 3963 Ec·

352 3983 667 4064 cleliam
727 3987 1077 4065 Fratrum
1138 3988 1540 4070 Minorum
1617 3993 1952 4072 ereetum
2033 3989 2175 4069 fuit
2221 4046 2245 4086 ‚
2315 3988 2525 4088 quus
2599 3990 3056 4068 documenta

357 4084 674 4188 penitus
734 4088 1180 4186 perierunt„
1257 4091 1471 4170 Dum
1548 4092 1784 4195 igitur
1842 4095 1921 4171 in
1973 4119 2061 4172 ea
2112 4091 2445 4180 Ecclefia
2503 4090 2800 4191 piorum
2859 4089 3058 4200 viro-

364 4209 548 4265 rum
603 4208 842 4269 coetus
894 4189 1188 4270 affiduis
1242 4192 1387 4272 sese
1439 4217 1736 4275 exercet
1788 4192 2241 4273 Christianae
2296 4192 2687 4291 religioni5
2738 4187 3058 4281 officri5‚

370 4284 684 4366 horrida
740 4290 952 4387 pestis
1005 4296 1271 4373 urbem
1328 4293 1596 4374 invastt
1638 4352 1665 4394 ‚
1739 4323 1780 4373 a
1831 4322 1979 4394 qua
2033 4321 2205 4373 eum
2282 4295 2359 4372 in
2418 4294 2572 4371 dies
2628 4293 2865 4375 multa
2924 4288 3060 4363 ho-

371 4386 682 4470 minum
738 4389 982 4470 millia
1034 4396 1605 4479 absumerentur
1647 4453 1674 4497 ‚
1728 4396 2166 4500 religiosum
2224 4394 2413 4476 Divi
2468 4393 2718 4476 Rochi
2774 4391 3056 4467 Sodalr-

564 4494 798 4586 rom.
854 4496 969 4567 Vr.
1759 4506 1779 4523 Χ
1983 4499 2113 4576 Rr
2715 4491 2960 4586 rium,
