3884 5342
785 395 862 486 S.
926 401 1410 490 Nicotn
1478 429 1608 487 nn
1672 407 2404 490 Tomara-rino.
2648 421 2809 510 225

255 582 348 639 nc
395 554 690 657 prasus
737 554 1270 638 exterminaret
1312 610 1338 650 ‚
1413 556 1535 636 sed
1580 553 1848 641 ‚frustra
1889 608 1920 648 ‚
1971 556 2212 634 donee
2264 555 2568 635 tandem
2621 549 2929 655 Ioannis

268 657 482 736 vestis
515 673 873 758 partem,
921 681 1146 756 quam
1200 658 1298 735 ab
1349 679 1442 736 eo
1492 674 1876 756 accepera
1928 654 2356 754 gestandam
2397 711 2424 750 ‚
2474 658 2727 734 secum
2782 675 2931 733 tra-

258 756 470 840 henet
514 784 534 836 ε
604 782 760 858 quo
807 755 1086 836 faeium
1159 757 1262 837 est
1301 812 1331 853 .‚
1403 777 1487 836 ut
1540 756 1756 837 illico
1824 758 1921 834 ab
1973 780 2061 834 ea
2112 755 2532 836 tentatione
2584 756 2931 834 liberate-

253 877 430 953 tur,
467 856 910 973 ‘aufugiente
961 859 1384 955 Damone,
1434 860 1532 940 ab
1580 883 1669 939 ea
1722 857 1939 939 vestis
1990 856 2399 957 gestatione
2443 856 2519 936 8c
2560 855 2791 937 odore
2831 855 2934 934 sa-

261 982 355 1037 ne
408 981 799 1057 virgineo,
861 979 870 990 ¹

364 1058 682 1158 Legitur
729 1058 1014 1140 ibidem
1069 1056 1473 1160 Virginem
1525 1058 1801 1158 aliam,
1853 1061 2158 1138 Annam
2217 1057 2555 1137 Pisanam
2608 1053 2942 1150 dietam,

255 1159 588 1242 aSntana
637 1159 824 1261 soepe
880 1159 1316 1240 verberibus
1365 1163 1772 1262 oppressam
1799 1214 1828 1257 ‚
1875 1184 1972 1239 ne
1993 1158 2458 1253 castitatem,
2507 1179 2732 1257 quarn
2759 1158 2935 1235 Deo

261 1279 619 1355 voverat,
670 1262 1133 1342 observaret.
1188 1260 1393 1341 Fufis
1445 1262 1578 1340 illa
1627 1261 1720 1340 ad
1773 1264 2081 1357 Deum,
2131 1282 2357 1362 atque
2407 1259 2498 1337 ad
2524 1257 2935 1358 Deiparam

255 1360 650 1459 precibus,
701 1361 1377 1442 iteratocastitatis
1429 1383 1660 1458 vote,
1710 1387 1888 1441 cum
1940 1362 2259 1440 minime
2283 1361 2773 1453 liberaretur,
2823 1357 2942 1434 [κο

255 1461 514 1556 viente
564 1460 808 1540 acrius
857 1461 943 1541 in
993 1486 1163 1540 eam
1213 1463 1531 1559 Suana,
1579 1462 1713 1563 qui
1765 1462 1920 1559 ejus
1974 1463 2325 1555 vultum,
2375 1479 2749 1538 actorum
2776 1481 2938 1537 cor-

237 1581 389 1661 ·pus
442 1559 595 1639 fere
647 1561 987 1661 quotidie
1038 1562 1445 1642 dilaniabat
1485 1618 1512 1657 ‚
1582 1564 1674 1641 ad
1724 1563 2092 1661 Joannern
2169 1560 2473 1642 tandem
2527 1583 2746 1659 opem
2801 1559 2936 1634 im-

253 1661 632 1761 ploratura
684 1660 1072 1763 confugit,
1126 1662 1343 1741 dueta
1396 1664 1606 1742 illius
1657 1661 2214 1757 sanciimoniae,
2264 1687 2352 1740 ac
2382 1656 2935 1756 ‘miraculorum

256 1760 491 1840 fama.
547 1766 790 1842 Annae
839 1764 1163 1863 Joannes
1211 1763 1587 1859 indoluit,
1637 1787 1958 1865 eamque
2013 1761 2465 1841 benedicens
2507 1812 2534 1855 ‚
2586 1758 2935 1857 Deiparae

257 1887 301 1937 a
347 1864 933 1962 Conceptione,
983 1890 1212 1966 quam
1267 1866 1490 1943 unice
1541 1866 1840 1944 colebat
1871 1918 1897 1959 ‚
1941 1861 2558 1954 commendavit,
2608 1857 2939 1936 monuit·

249 1984 538 2062 quent
589 1963 896 2065 finguiis
947 1967 1367 2066 quibusque
1421 1963 1772 2044 nofflbus
1826 1986 1938 2043 ter
1990 1962 2442 2042 Orationem
2490 1958 2938 2058 Angelicam

241 2063 607 2143 recitaret
630 2063 708 2142 in
731 2065 1029 2145 laudem
1057 2065 1394 2145 .illibatae
1420 2066 1690 2144 Mariae
1743 2064 2048 2165 pudoris
2081 2085 2252 2141 ante
2276 2081 2574 2163 partum
2598 2113 2622 2153 ‚
2658 2059 2755 2134 in
2780 2081 2939 2156 par-

241 2181 345 2242 ·tu
367 2218 393 2259 ,
416 2164 1025 2267 St-post‘partum:
1051 2167 1408 2247 baculum
1434 2189 1785 2268 praeterea
1807 2218 1833 2260 ‚
1853 2190 2007 2264 quo
2029 2165 2384 2242 utebatur
2404 2216 2429 2257 ,
2453 2157 2753 2239 tradidit
2775 2213 2802 2253 ‚
2856 2173 2941 2235 ut

257 2287 750 2346 communem
775 2267 1094 2348 humani
1146 2267 1442 2368 generis
1475 2267 1782 2346 'hostem
1809 2266 2239 2343 retundaret
2261 2320 2288 2360 ‚
2320 2284 2561 2364 -atque
2605 2257 2939 2358 fugaret.

259 2368 336 2441 Ο
377 2390 536 2442 rem
583 2368 1054 2448 mirabilem!
1107 2370 1228 2447 Sic
1273 2368 1478 2448 enirn
1501 2372 1726 2455 Anna
1751 2366 2142 2446 Daemonis
2185 2365 2509 2466 impetus
2548 2387 2643 2440 eo
2668 2358 2941 2439 baculo

256 2464 630 2565 confregit
652 2521 676 2562 ,
697 2464 1200 2569 ftoenavitque
1222 2470 1609 2548 audaciam
1633 2523 1660 2563 ‚
1682 2467 1776 2546 fic
1802 2468 2149 2567 Deiparae
2173 2521 2199 2563 ‚
2220 2459 2754 2545 ac‘Marinonii
2780 2480 2945 2538 tuta

260 2563 594 2662 praefidio
613 2622 639 2663 ‚
692 2589 775 2646 ut
799 2595 890 2649 ne
911 2570 1003 2648 ad
1027 2595 1192 2648 eam
1215 2570 1522 2670 quidem
1547 2569 1899 2649 accedere
1921 2568 2193 2647 exinde
2214 2569 2523 2646 Satanas
2542 2564 2759 2642 ausus
2811 2558 2898 2639 fit
2920 2615 2940 2637 .

361 2666 563 2746 lllud
617 2690 873 2750 tamen
924 2670 1279 2750 omnium
1333 2670 1914 2748 admirationem
1964 2667 2392 2746 commovit
2434 2720 2461 2762 ‚
2531 2665 2736 2766 quod
2789 2685 2942 2739 non

263 2765 490 2860 pauci
547 2790 973 2847 memorant
1027 2769 1397 2847 Auffiores
1435 2822 1465 2863 .‚
1533 2795 1621 2846 ac
1694 2767 2064 2865 praecipue
2117 2765 2511 2842 Castaldus
2582 2765 2665 2840 in
2720 2761 2941 2859 hujus

251 2860 516 2938 Sancti
573 2864 775 2956 vita,
827 2891 911 2945 ac
939 2867 1312 2946 Mandina
1365 2866 1447 2943 in
1501 2867 1658 2961 ejus
1683 2864 1933 2943 Affis.
1987 2863 2407 2962 Cuiusdam
2460 2862 2725 2962 puella:
2782 2885 2938 2937 non

253 2959 547 3073 rninoti
600 2964 839 3044 animi
892 2966 1263 3061 candore,
1312 2990 1538 3064 quarn
1595 2963 2089 3045 sanfi'timonia
2135 3018 2162 3061 ‚
2206 2989 2295 3043 ac
2347 2961 2621 3041 mentis
2673 2959 2944 3057 firnpli·

249 3081 491 3174 citate
566 3062 933 3163 Crispina
986 3065 1277 3168 Ciutiae
1352 3087 1800 3166 nuncupatae
1875 3067 2179 3166 regebat
2256 3063 2668 3144 Marinone
2741 3061 2783 3137 s
2824 3058 2941 3136 iri*-

247 3183 542 3259 ntum,
591 3163 1165 3265 excipiebatque
1217 3165 1745 3246 confeffiones.
1802 3166 2024 3244 Hanc
2079 3164 2338 3244 fratres
2381 3163 2739 3262 Prospero
2861 3185 2943 3238 οι

249 3261 505 3340 linaro
543 3316 570 3356 ‚
639 3264 763 3342 cui
815 3264 964 3363 jam
1019 3289 1188 3345 eam
1242 3267 1850 3367 desponderant,
1922 3265 2199 3368 nuptui
2249 3266 2422 3344 dare
2474 3262 2940 3342 destinabant

245 3362 407 3463 post
461 3362 910 3446 Nativitatis
929 3366 1258 3448 Domini
1309 3367 1710 3448 solemnia.
1768 3368 1910 3446 lna
1961 3391 2197 3463 vero,
2248 3365 2660 3444 Marinone
2714 3359 2942 3441 confi-

250 3463 423 3559 liis,
453 3462 789 3544 ,fratrum
845 3467 1084 3546 menti
1142 3493 1297 3546 non
1350 3469 1906 3569 acquiescebat.
1961 3469 2257 3547 Fratres
2306 3487 2562 3542 autem
2616 3463 2947 3544 cum-So·

249 3588 504 3645 rorem
578 3565 738 3644 doli
773 3567 1125 3647 ‚omnino
1198 3568 1507 3648 insciam
1677 3568 2068 3647 noscerent
2108 3619 2140 3663 ‚
2206 3590 2295 3645 ac
2345 3563 2507 3644 falli
2570 3562 2953 3655 facilem,

260 3664 521 3748 fallere
577 3666 726 3745 hoc
781 3668 1012 3748 modo
1060 3669 1574 3749 constituunt.
1681 3668 1936 3749 ,afl’am
1991 3667 2365 3769 quandam
2420 3688 2654 3742 anurn
2704 3683 2947 3774 acceg-

255 3767 430 3847 sunt
473 3822 500 3863 ‚
567 3792 731 3868 quae
783 3768 1152 3869 Crispinae
1201 3772 1502 3851 suadeat
1546 3826 1573 3866 ‚
1646 3791 1731 3847 ut
1791 3768 1980 3847 Viro
2034 3766 2226 3846 tradi
2278 3765 2605 3867 patiatur
2645 3820 2665 3841 .
2718 3766 2946 3861 ImPt·

260 3891 390 3982 gre
445 3867 940 3970 provinciam.
975 3870 1108 3948 illa
1161 3871 1516 3975 suscepit,
1569 3869 2004 3972 Crispinam
2058 3868 2249 3946 adiit
2287 3921 2314 3964 ‚
2352 3887 2685 3976 ‚eamque
2735 3864 2947 3979 blan-

249 3968 467 4048 ditiis
523 3969 943 4056 infratrum
998 3969 1350 4070 pellicere
1403 3974 1853 4053 sententiam
1906 3967 2340 4051 contendit.
2395 3968 2475 4047 Si
2498 3965 2782 4061 maiia,
2834 3989 2946 4040 tn-

254 4068 473 4182 quit.a
527 4072 964 4172 explorare,
1014 4098 1112 4154 an
1167 4093 1302 4152 tuo
1355 4072 1535 4154 huic
1557 4072 1952 4156 connubio
2003 4072 2322 4149 Numen
2372 4088 2703 4168 annuat,
2748 4063 2945 4142 acci·

257 4179 349 4284 pe
402 4168 845 4252 fasciculum
901 4172 1071 4254 ficei
1125 4174 1493 4273 origani,
1549 4175 1623 4251 8<
1677 4170 2129 4251 Nativitatis
2180 4168 2509 4248 Domini
2562 4164 2784 4278 nocie
2818 4162 2945 4240 fle.-
2986 4197 3009 4214 ··

247 4293 373 4350 -xis
481 4271 748 4352 enibus
802 4273 1083 4357 millies
1152 4276 1586 4355 orationem
1643 4272 2091 4372 Angelieam
2152 4269 2398 4351 -recita
2449 4269 2543 4346 ad
2596 4268 2943 4364 Detparae

259 4371 424 4450 San
467 4369 1253 4560 }ffimaeV}mafflnm‚
1302 4399 1533 4461 manu
1555 4372 1995 4460 fasciculum
2012 4394 2326 4552 tizntens,
2372 4367 2948 4541 fabioqueogpn·

546 4497 684 4552 om.
824 4531 842 4552 .
2816 4486 2847 4547 1
