3884 5342
987 380 1151 479 296
1452 369 2911 454 DEMomasa-nrmo

958 523 1374 607 Bernardus
1424 515 1797 616 Quirinus
1853 513 2261 616 Episcopus
2315 515 2690 613 Arienfis,
2740 515 2815 592 8(
2857 507 3364 591 Chisamen'fis
3401 532 3516 588 an-

865 656 969 709 no
1034 652 1242 726 1590.
1299 622 1379 699 in
1422 622 1656 694 Creta
1710 616 1843 693 sub
1898 615 2268 713 Gregorio
2313 616 2521 694 XIV.
2841 674 2847 685 .

962 725 1325 807 Horatius
1378 716 1690 797 Bellotti
1747 716 2153 814 Episcopus
2207 718 2450 795 Nonae
2507 718 2585 796 in
2634 713 3019 797 Dalmatia
3062 739 3263 791 anno
3319 717 3514 811 1580.

961 825 1307 923 Angelus
1360 818 1589 895 Gradi
1651 817 2059 914 Episcopus
2114 816 2356 895 Nonae
2411 818 2490 895 in
2549 818 2938 897 Dalmatia
2990 841 3186 893 anno
3254 818 3458 891 1628.

963 923 1426 1006 Dominicus
1468 916 1683 996 Catli
1728 916 2138 1017 Episcopus
2181 918 2537 998 Zacinthi
2583 976 2609 1017 ‚
2661 921 2734 998 8(
2785 915 3285 1019 Cephaloniae
3329 935 3528 989 anno

881 1062 913 1113 1
1028 1057 1094 1106 o.

904 1058 1216 1230 ,SJSUHUS
1270 1118 1589 1202 Pioretti
1644 1117 2056 1219 Episcopus
2107 1120 2642 1201 Chironenfis:
2697 1122 2930 1222 vulgo
2954 1117 3536 1199 Chironissoan-

878 1258 983 1312 no
1037 1258 1064 1307 1
1184 1255 1245 1304 2.
2651 1262 2656 1273 ·

974 1254 1300 1432 Joairines
1351 1319 1674 1441 Baptista
1727 1321 2084 1401 Bernardi
2139 1325 2550 1425 Episcopus
2586 1321 3299 1417 Chironenfis‚.seu
3342 1315 3546 1394 Che-

878 1427 1217 1514 ronenfis·
1260 1426 1340 1503 in
1395 1425 1629 1501 Creta
1686 1423 1816 1500 sub
1868 1425 2278 1504 Clemente
2341 1429 2550 1504 Vlll.
2604 1452 2800 1504 anno
2863 1454 3074 1525 ¹592·

914 1536 1187 1611 ·Intra
1266 1523 1481 1623 hujus
1536 1524 1904 1603 Coenobii
1985 1528 2182 1627 septa
2238 1527 2702 1628 Inquifitoris
2777 1549 3044 1605 contra
3121 1520 3546 1600 haereticam

877 1631 1325 1736 pravitatem
1383 1650 1654 1705 munus
1708 1624 1915 1725 gestit
1973 1628 2404 1707 Ludovicus
2465 1631 2811 1708 Donatus
2852 1684 2879 1723 ‚
2916 1628 3058 1727 ‚qui
3113 1620 3547 1722 eloquentia

880 1738 955 1815 8(
1009 1731 1347 1812 d06'trina
1399 1725 1835 1805 clariffimus
1891 1728 2169 1805 meruit
2228 1728 2420 1813 inter
2477 1755 2755 1808 novem
2811 1730 3141 1808 celebres
3196 1742 3549 1801 annume-

883 1836 1031 1916 rari
1088 1830 1535 1926 Theologos
1581 1882 1609 1922 ,
1676 1827 1805 1927 qui
1862 1854 2068 1905 anno
2132 1840 2336 1927 1360.
2394 1856 2904 1910 convenerant
2967 1854 3097 1927 pro
3153 1822 3549 1902 institutio·

882 1963 981 2016 ne
1039 1931 1255 2014 studii
1311 1929 1807 2026 Theologicae
1860 1926 2237 2008 facultatis
2292 1933 2367 2007 in
2428 1934 2879 2010 Accademia
2933 1923 3433 2008 Bononienfi.
3489 1923 3554 1998 Is

886 2062 1090 2117 anno
1175 2061 1381 2133 1379.
1443 2026 1793 2106 Minister
1846 2031 2241 2109 Generalis
2295 2034 2605 2112 Ordinis
2681 2034 3151 2111 renuntiatus
3223 2027 3327 2104 est
3375 2079 3405 2119 ,
3472 2045 3552 2099 ac

884 2139 1113 2242 paulo
1168 2133 1323 2234 post
1378 2132 1470 2207 ab
1523 2130 1837 2206 Urbano
1886 2131 2019 2207 VI.
2077 2131 2156 2237 in
2212 2132 2736 2210 Cardinalium
2798 2155 3196 2212 numerum
3253 2127 3549 2206 ascitus.

992 2238 1359 2316 Eamdem
1417 2229 1856 2330 Quaefitoris
1911 2233 2306 2311 Generalis
2379 2236 2825 2333 dignitatem
2882 2234 3382 2312 obtinuerunt
3427 2247 3544 2301 an·

886 2366 993 2420 no
1059 2345 1264 2437 1356.
1324 2333 1666 2431 Michael
1700 2331 1937 2409 Pisani
1998 2334 2355 2411 Patritius
2381 2337 2769 2430 Venetus,
2821 2360 3042 2436 atque
3098 2359 3305 2411 anno
3355 2351 3547 2427 1373·

889 2440 1263 2519 Nicolaus
1321 2431 1620 2512 Mutius
1697 2433 1968 2532 pariter
2024 2435 2369 2515 Venetus
2408 2493 2434 2532 ‚
2505 2439 2634 2539 qui
2696 2438 3037 2514 universa
3091 2438 3160 2512 S.
3217 2421 3563 2525 Gregorii

894 2542 1388 2639 Papae·,0pera
1442 2535 1530 2611 ad
1586 2533 1932 2612 materias
2007 2535 2204 2614 clara
2262 2541 2624 2617 methodo
2678 2538 3054 2639 dispofitas
3108 2527 3480 2613 revocavit
3531 2575 3563 2617 ‚

900 2662 1235 2742 opusque
1294 2635 1532 2737 ipsum
1589 2637 1964 2736 Gregorio
2017 2635 2148 2713 XI.
2234 2640 2702 2742 nuncupavit
2753 2695 2779 2733 ‚
2851 2641 2924 2718 8(
2978 2637 3107 2715 alii
3142 2691 3168 2730 ‚
3229 2648 3565 2731 quorum

896 2740 1211 2822 nomina
1266 2737 1610 2816 dabimus
1662 2739 1750 2811 ad
1809 2736 2363 2817 Monasterium
2419 2742 2489 2820 S.
2551 2740 2953 2819 Dominici
3019 2741 3110 2816 de
3162 2730 3497 2816 Castello
3549 2778 3577 2823 ‚

896 2843 1031 2922 ubi
1088 2843 1321 2919 Sacrae
1381 2836 1893 2939 inquisitionis
1947 2841 2167 2918 Sedes
2221 2840 2364 2920 est.

1005 2945 1175 3022 Nec
1232 2969 1273 3018 a
1330 2940 1645 3017 Venetis
1701 2961 1994 3017 tantum
2046 2997 2073 3035 ,
2141 2942 2260 3018 sed
2314 2944 2387 3020 8(
2439 2945 2536 3021 ab
2586 2943 2862 3023 exteris
2912 2964 3210 3044 quoque
3266 2956 3396 3014 aut
3451 2930 3582 3011 no-

903 3043 1136 3126 minis
1192 3040 1626 3122 celebritate
1673 3095 1697 3133 ,
1771 3064 1898 3117 aut
1953 3040 2413 3140 dignitatum
2469 3045 2858 3144 splendore
2915 3039 3328 3123 clariffimis
3405 3033 3578 3110 viris

798 3188 809 3197 ·
905 3145 1378 3257 Coenobium
1436 3140 1582 3218 hoc
1636 3141 1920 3239 aliquid
1982 3144 2474 3239 honorissac
2514 3148 2939 3224 ornamenti
3010 3140 3366 3241 suscepit„
3424 3139 3574 3214 Fra-

906 3269 1025 3333 ter
1078 3244 1514 3323 Francrscus
1566 3242 1656 3319 de
1711 3242 2014 3320 Ruvere
2069 3243 2539 3344 postmodum
2598 3246 2679 3325 in
2737 3248 2932 3325 Petri
2960 3243 3428 3324 SedeSixtus
3457 3236 3581 3315 lV.

838 3362 841 3367 ·
912 3344 1328 3459 appellatus
1401 3342 1956 3457 circa-annum
2024 3374 2229 3445 1440.
2304 3349 2580 3426 artium
2641 3348 2911 3425 Lee'tor
2984 3347 3062 3425 in
3123 3346 3261 3422 hac
3320 3361 3586 3439 rnagna

912 3450 1147 3526 domo
1199 3444 1341 3531 fuit
1374 3500 1400 3540 ,
1452 3444 1524 3522 8(
1581 3444 1711 3521 nist
1770 3446 2009 3542 Papiae
2063 3450 2422 3528 Venetias
2477 3447 2901 3550 perreRuro
2957 3450 3167 3527 laetus
3219 3447 3291 3522 ei
3347 3447 3439 3520 de
3495 3439 3594 3517 sa·

913 3575 1044 3635 cra
1118 3572 1435 3647 purpura
1510 3543 1642 3625 fibi
1713 3547 1988 3623 collata
2046 3550 2387 3629 Nuntius
2459 3551 2864 3628 advenislet
2941 3548 3100 3651 post
3176 3549 3610 3646 supremam·

911 3648 1229 3730 Ordinis
1284 3646 1792 3725 Praefee‘curam
1852 3650 2252 3749 prudenter
2303 3650 2891 3731 administratam
2925 3649 3265 3730 Venetiis
3319 3650 3594 3726 sacram

916 3749 1433 3851 Theologiam
1491 3748 1893 3843 docuisset,
1947 3772 2031 3826 ut
2085 3750 2164 3827 in
2220 3752 2476 3829 animo
2525 3744 3023 3857 disposuerat.
3082 3755 3341 3831 Frater
3385 3746 3589 3826 Felix

915 3852 1243 3933 Peretus‘
1280 3874 1321 3926 a
1376 3849 1863 3945 Montealto,
1914 3851 2042 3948 qui
2103 3850 2347 3951 postea
2399 3856 2488 3933 ad
2544 3856 2837 3933 Summi
2900 3852 3396 3933 pontificatus·
3441 3844 3588 3945 api·

919 3977 1140 4049 cem,
1190 3952 1556 4052 assumpto
1579 3950 1772 4033 Sixti
1803 3952 1891 4026 V.
1918 3954 2277 4064 nornine,
2330 3955 2774 4036 sublimatus
2827 3956 3018 4051 fuit,
3073 3956 3320 4054 &ipse
3347 3951 3599 4050 aliquo

921 4073 1263 4167 tempore
1322 4053 1475 4139 hac,
1513 4053 1594 4133 in
1647 4053 1875 4132 domo
1930 4051 2341 4157 diversatus
2393 4057 2543 4157 est,
2589 4057 3038 4159 Quaefitoris
3092 4057 3268 4137 fidei
3325 4073 3602 4135 munus

929 4180 1198 4257 agens.
2729 4178 2740 4185 ’

1050 4255 1486 4347 Studiorum
1562 4251 1777 4333 causa
1848 4255 2107 4335 accola
2175 4256 2613 4359 fuit-hujus
2665 4258 3034 4341 Coenobli
3091 4261 3171 4338 B.
3218 4240 3600 4337 Antonius

928 4355 1327 4439 stozeaus
1380 4351 1769 4434 sansiitate
1821 4357 2185 4458 celebris,
2236 4358 2334 4442 de'
2375 4386 2535 4462 quo
2588 4363 3012 4467 Wadingus
3051 4365 3282 4445 Tons
3309 4368 3378 4442 6.
3409 4364 3607 4435 Ann-

3374 4460 3510 4540 sub
