<?xml version="1.0" encoding="UTF-8"?>
<!DOCTYPE html PUBLIC "-//W3C//DTD XHTML 1.0 Transitional//EN"
    "http://www.w3.org/TR/xhtml1/DTD/xhtml1-transitional.dtd">
<html xmlns="http://www.w3.org/1999/xhtml" xml:lang="en" lang="en">
 <head>
  <title>
</title>
<meta http-equiv="Content-Type" content="text/html;charset=utf-8" />
  <meta name='ocr-system' content='tesseract 3.04.00' />
  <meta name='ocr-capabilities' content='ocr_page ocr_carea ocr_par ocr_line ocrx_word'/>
</head>
<body>
  <div class='ocr_page' id='page_1' title='image "./ecclesiaeveneta02pasqgoog_0077.png"; bbox 0 0 3884 5342; ppageno 0'>
   <div class='ocr_carea' id='block_1_1' title="bbox 396 308 415 343">
    <p class='ocr_par' dir='ltr' id='par_1_1' title="bbox 396 308 415 343">
     <span class='ocr_line' id='line_1_1' title="bbox 396 308 415 343; baseline 0 0"><span class='ocrx_word' id='word_1_1' title='bbox 396 308 415 343; x_wconf 85' lang='lat'><em>7</em></span> 
     </span>
    </p>
   </div>
   <div class='ocr_carea' id='block_1_2' title="bbox 883 340 2867 450">
    <p class='ocr_par' dir='ltr' id='par_1_2' title="bbox 883 340 2867 450">
     <span class='ocr_line' id='line_1_2' title="bbox 883 340 2867 450; baseline 0.001 -4"><span class='ocrx_word' id='word_1_2' title='bbox 883 340 2374 450; x_wconf 57' lang='lat' dir='ltr'>&amp;Gn&#39;onazus1uALeA.</span> <span class='ocrx_word' id='word_1_3' title='bbox 2759 371 2867 449; x_wconf 81' lang='lat'>61</span> 
     </span>
    </p>
   </div>
   <div class='ocr_carea' id='block_1_3' title="bbox 274 510 3016 2118">
    <p class='ocr_par' dir='ltr' id='par_1_3' title="bbox 274 510 3001 1617">
     <span class='ocr_line' id='line_1_3' title="bbox 302 510 3001 613; baseline -0.003 -15"><span class='ocrx_word' id='word_1_4' title='bbox 302 516 465 599; x_wconf 68' lang='lat' dir='ltr'>Rus</span> <span class='ocrx_word' id='word_1_5' title='bbox 515 536 647 594; x_wconf 82' lang='lat' dir='ltr'>eos</span> <span class='ocrx_word' id='word_1_6' title='bbox 694 510 1190 593; x_wconf 86' lang='lat' dir='ltr'>vehementer</span> <span class='ocrx_word' id='word_1_7' title='bbox 1236 511 1675 591; x_wconf 79' lang='lat' dir='ltr'>adhortatus</span> <span class='ocrx_word' id='word_1_8' title='bbox 1726 511 1877 608; x_wconf 86' lang='lat' dir='ltr'>est,</span> <span class='ocrx_word' id='word_1_9' title='bbox 1925 533 2013 592; x_wconf 90' lang='lat' dir='ltr'>ut</span> <span class='ocrx_word' id='word_1_10' title='bbox 2063 511 2330 592; x_wconf 69' lang='lat' dir='ltr'>r&#39;elisto</span> <span class='ocrx_word' id='word_1_11' title='bbox 2354 511 2453 590; x_wconf 88' lang='lat' dir='ltr'>D.</span> <span class='ocrx_word' id='word_1_12' title='bbox 2484 511 2798 613; x_wconf 82' lang='lat' dir='ltr'>Nicolai</span> <span class='ocrx_word' id='word_1_13' title='bbox 2822 511 3001 590; x_wconf 84' lang='lat' dir='ltr'>Mo-</span> 
     </span>
     <span class='ocr_line' id='line_1_4' title="bbox 304 611 2995 728; baseline -0.001 -33"><span class='ocrx_word' id='word_1_14' title='bbox 304 613 664 710; x_wconf 83' lang='lat' dir='ltr'>nasterio,</span> <span class='ocrx_word' id='word_1_15' title='bbox 712 614 804 695; x_wconf 88' lang='lat' dir='ltr'>ad</span> <span class='ocrx_word' id='word_1_16' title='bbox 852 612 965 693; x_wconf 84' lang='lat' dir='ltr'>sui</span> <span class='ocrx_word' id='word_1_17' title='bbox 1023 611 1400 692; x_wconf 85' lang='lat' dir='ltr'>Prioratus</span> <span class='ocrx_word' id='word_1_18' title='bbox 1448 611 1769 690; x_wconf 87' lang='lat' dir='ltr'>insulam</span> <span class='ocrx_word' id='word_1_19' title='bbox 1824 612 1973 695; x_wconf 87' lang='lat' dir='ltr'>sese</span> <span class='ocrx_word' id='word_1_20' title='bbox 2024 613 2478 693; x_wconf 84' lang='lat' dir='ltr'>deducerent</span> <span class='ocrx_word' id='word_1_21' title='bbox 2522 666 2548 708; x_wconf 95' lang='lat'>,</span> <span class='ocrx_word' id='word_1_22' title='bbox 2623 631 2995 728; x_wconf 70' lang='lat' dir='ltr'>perpetuae</span> 
     </span>
     <span class='ocr_line' id='line_1_5' title="bbox 274 711 2991 817; baseline -0.001 -23"><span class='ocrx_word' id='word_1_23' title='bbox 274 712 631 817; x_wconf 77' lang='lat' dir='ltr'>ipsorum</span> <span class='ocrx_word' id='word_1_24' title='bbox 686 711 1136 793; x_wconf 77' lang='lat' dir='ltr'>habitationi</span> <span class='ocrx_word' id='word_1_25' title='bbox 1190 737 1234 790; x_wconf 89' lang='lat' dir='ltr'>a</span> <span class='ocrx_word' id='word_1_26' title='bbox 1280 713 1357 791; x_wconf 89' lang='lat' dir='ltr'>se</span> <span class='ocrx_word' id='word_1_27' title='bbox 1407 732 1797 814; x_wconf 85' lang='lat' dir='ltr'>propterea</span> <span class='ocrx_word' id='word_1_28' title='bbox 1819 713 2318 795; x_wconf 62' lang='lat' dir='ltr'>destinatam-</span> <span class='ocrx_word' id='word_1_29' title='bbox 2358 714 2534 793; x_wconf 88' lang='lat' dir='ltr'>Huc</span> <span class='ocrx_word' id='word_1_30' title='bbox 2557 713 2790 814; x_wconf 75' lang='lat' dir='ltr'>igitur</span> <span class='ocrx_word' id='word_1_31' title='bbox 2809 737 2991 811; x_wconf 87' lang='lat' dir='ltr'>cum</span> 
     </span>
     <span class='ocr_line' id='line_1_6' title="bbox 301 806 2996 913; baseline -0.002 -18"><span class='ocrx_word' id='word_1_32' title='bbox 301 816 722 895; x_wconf 82' lang='lat' dir='ltr'>mansuram</span> <span class='ocrx_word' id='word_1_33' title='bbox 778 812 1022 893; x_wconf 84' lang='lat' dir='ltr'>sedem</span> <span class='ocrx_word' id='word_1_34' title='bbox 1076 812 1215 890; x_wconf 87' lang='lat' dir='ltr'>fibi</span> <span class='ocrx_word' id='word_1_35' title='bbox 1265 810 1672 891; x_wconf 87' lang='lat' dir='ltr'>statuissent</span> <span class='ocrx_word' id='word_1_36' title='bbox 1711 868 1739 908; x_wconf 92' lang='lat'>,</span> <span class='ocrx_word' id='word_1_37' title='bbox 1810 806 2141 913; x_wconf 85' lang='lat' dir='ltr'>ipsorum</span> <span class='ocrx_word' id='word_1_38' title='bbox 2193 815 2766 894; x_wconf 90' lang='lat' dir='ltr'>conversatione</span> <span class='ocrx_word' id='word_1_39' title='bbox 2815 813 2996 890; x_wconf 86' lang='lat' dir='ltr'>alle·</span> 
     </span>
     <span class='ocr_line' id='line_1_7' title="bbox 298 910 2994 1015; baseline -0.003 -20"><span class='ocrx_word' id='word_1_40' title='bbox 298 914 463 995; x_wconf 68' lang='lat' dir='ltr'>Rus</span> <span class='ocrx_word' id='word_1_41' title='bbox 513 912 899 1015; x_wconf 81' lang='lat' dir='ltr'>angelicus</span> <span class='ocrx_word' id='word_1_42' title='bbox 970 911 1266 1010; x_wconf 86' lang='lat' dir='ltr'>juvenis</span> <span class='ocrx_word' id='word_1_43' title='bbox 1313 912 1768 993; x_wconf 85' lang='lat' dir='ltr'>Laurentius</span> <span class='ocrx_word' id='word_1_44' title='bbox 1818 914 2280 1014; x_wconf 84' lang='lat' dir='ltr'>Justinianus</span> <span class='ocrx_word' id='word_1_45' title='bbox 2322 969 2348 1011; x_wconf 93' lang='lat'>,</span> <span class='ocrx_word' id='word_1_46' title='bbox 2420 914 2552 1015; x_wconf 90' lang='lat' dir='ltr'>qui</span> <span class='ocrx_word' id='word_1_47' title='bbox 2608 914 2699 992; x_wconf 89' lang='lat' dir='ltr'>ad</span> <span class='ocrx_word' id='word_1_48' title='bbox 2756 910 2994 991; x_wconf 80' lang='lat' dir='ltr'>Mari·</span> 
     </span>
     <span class='ocr_line' id='line_1_8' title="bbox 303 1010 2997 1115; baseline -0.003 -20"><span class='ocrx_word' id='word_1_49' title='bbox 303 1039 490 1095; x_wconf 85' lang='lat' dir='ltr'>num</span> <span class='ocrx_word' id='word_1_50' title='bbox 541 1014 1008 1093; x_wconf 83' lang='lat' dir='ltr'>avunculum</span> <span class='ocrx_word' id='word_1_51' title='bbox 1064 1013 1410 1115; x_wconf 85' lang='lat' dir='ltr'>frequens</span> <span class='ocrx_word' id='word_1_52' title='bbox 1460 1015 1962 1111; x_wconf 81' lang='lat' dir='ltr'>adventabat,</span> <span class='ocrx_word' id='word_1_53' title='bbox 2013 1041 2276 1096; x_wconf 88' lang='lat' dir='ltr'>eorum</span> <span class='ocrx_word' id='word_1_54' title='bbox 2332 1039 2654 1093; x_wconf 89' lang='lat' dir='ltr'>numero</span> <span class='ocrx_word' id='word_1_55' title='bbox 2677 1010 2997 1093; x_wconf 83' lang='lat' dir='ltr'>adscribi</span> 
     </span>
     <span class='ocr_line' id='line_1_9' title="bbox 301 1110 2993 1217; baseline -0.002 -23"><span class='ocrx_word' id='word_1_56' title='bbox 301 1113 952 1197; x_wconf 77' lang='lat' dir='ltr'>vehementissime</span> <span class='ocrx_word' id='word_1_57' title='bbox 1005 1115 1384 1193; x_wconf 85' lang='lat' dir='ltr'>exoravit.</span> <span class='ocrx_word' id='word_1_58' title='bbox 1442 1119 1699 1217; x_wconf 77' lang='lat' dir='ltr'>Quam</span> <span class='ocrx_word' id='word_1_59' title='bbox 1756 1115 2089 1195; x_wconf 84' lang='lat' dir='ltr'>mirabili</span> <span class='ocrx_word' id='word_1_60' title='bbox 2142 1115 2436 1216; x_wconf 88' lang='lat' dir='ltr'>prorsus</span> <span class='ocrx_word' id='word_1_61' title='bbox 2488 1114 2837 1195; x_wconf 87' lang='lat' dir='ltr'>modoad</span> <span class='ocrx_word' id='word_1_62' title='bbox 2861 1110 2993 1212; x_wconf 89' lang='lat' dir='ltr'>spi-</span> 
     </span>
     <span class='ocr_line' id='line_1_10' title="bbox 297 1213 2997 1316; baseline -0.003 -16"><span class='ocrx_word' id='word_1_63' title='bbox 297 1215 653 1301; x_wconf 81' lang='lat' dir='ltr'>ritualem</span> <span class='ocrx_word' id='word_1_64' title='bbox 709 1213 1066 1293; x_wconf 86' lang='lat' dir='ltr'>militiam</span> <span class='ocrx_word' id='word_1_65' title='bbox 1111 1215 1469 1295; x_wconf 88' lang='lat' dir='ltr'>aDivina</span> <span class='ocrx_word' id='word_1_66' title='bbox 1521 1215 1883 1316; x_wconf 86' lang='lat' dir='ltr'>sapientia</span> <span class='ocrx_word' id='word_1_67' title='bbox 1933 1224 2291 1296; x_wconf 82' lang='lat' dir='ltr'>evocatus</span> <span class='ocrx_word' id='word_1_68' title='bbox 2343 1215 2619 1310; x_wconf 87' lang='lat' dir='ltr'>fuerit,</span> <span class='ocrx_word' id='word_1_69' title='bbox 2669 1215 2997 1314; x_wconf 86' lang='lat' dir='ltr'>&amp;quan-</span> 
     </span>
     <span class='ocr_line' id='line_1_11' title="bbox 292 1313 2997 1416; baseline -0.002 -18"><span class='ocrx_word' id='word_1_70' title='bbox 292 1332 371 1398; x_wconf 77' lang='lat' dir='ltr'>ta</span> <span class='ocrx_word' id='word_1_71' title='bbox 427 1313 816 1395; x_wconf 69' lang='lat' dir='ltr'>sanstitate</span> <span class='ocrx_word' id='word_1_72' title='bbox 871 1313 1379 1394; x_wconf 83' lang='lat' dir='ltr'>in.claustrali</span> <span class='ocrx_word' id='word_1_73' title='bbox 1434 1313 2023 1416; x_wconf 14' lang='lat' dir='ltr'>vitarprimum,</span> <span class='ocrx_word' id='word_1_74' title='bbox 2076 1316 2394 1399; x_wconf 85' lang='lat' dir='ltr'>mox-in</span> <span class='ocrx_word' id='word_1_75' title='bbox 2445 1314 2846 1416; x_wconf 87' lang='lat' dir='ltr'>episcopali</span> <span class='ocrx_word' id='word_1_76' title='bbox 2885 1314 2997 1392; x_wconf 90' lang='lat' dir='ltr'>di-</span> 
     </span>
     <span class='ocr_line' id='line_1_12' title="bbox 298 1413 3000 1517; baseline 0.001 -23"><span class='ocrx_word' id='word_1_77' title='bbox 298 1413 600 1517; x_wconf 75' lang='lat' dir='ltr'>gnitate</span> <span class='ocrx_word' id='word_1_78' title='bbox 673 1413 1082 1508; x_wconf 86' lang='lat' dir='ltr'>effulserit‚</span> <span class='ocrx_word' id='word_1_79' title='bbox 1134 1416 1434 1495; x_wconf 86' lang='lat' dir='ltr'>abunde</span> <span class='ocrx_word' id='word_1_80' title='bbox 1504 1414 1813 1499; x_wconf 73' lang='lat' dir='ltr'>testatur</span> <span class='ocrx_word' id='word_1_81' title='bbox 1861 1416 2278 1499; x_wconf 88' lang='lat' dir='ltr'>Bernardus</span> <span class='ocrx_word' id='word_1_82' title='bbox 2327 1416 2785 1516; x_wconf 82' lang='lat' dir='ltr'>Iustinianus</span> <span class='ocrx_word' id='word_1_83' title='bbox 2836 1414 3000 1511; x_wconf 86' lang='lat' dir='ltr'>ejus</span> 
     </span>
     <span class='ocr_line' id='line_1_13' title="bbox 298 1512 2995 1617; baseline -0.002 -20"><span class='ocrx_word' id='word_1_84' title='bbox 298 1539 594 1617; x_wconf 65' lang='grc' dir='ltr'>παρος,</span> <span class='ocrx_word' id='word_1_85' title='bbox 640 1513 776 1614; x_wconf 89' lang='lat' dir='ltr'>qui</span> <span class='ocrx_word' id='word_1_86' title='bbox 831 1512 1451 1597; x_wconf 65' lang='lat' dir='ltr'>sanetiffimiviri</span> <span class='ocrx_word' id='word_1_87' title='bbox 1507 1514 2122 1615; x_wconf 80' lang='lat' dir='ltr'>vitamdiligenti</span> <span class='ocrx_word' id='word_1_88' title='bbox 2145 1517 2438 1597; x_wconf 87' lang='lat' dir='ltr'>calamo</span> <span class='ocrx_word' id='word_1_89' title='bbox 2459 1514 2995 1595; x_wconf 88' lang='lat' dir='ltr'>concinnavit.</span> 
     </span>
    </p>

    <p class='ocr_par' dir='ltr' id='par_1_4' title="bbox 294 1612 3016 2119">
     <span class='ocr_line' id='line_1_14' title="bbox 402 1612 2999 1712; baseline 0 -18"><span class='ocrx_word' id='word_1_90' title='bbox 402 1616 535 1694; x_wconf 84' lang='lat' dir='ltr'>Ad</span> <span class='ocrx_word' id='word_1_91' title='bbox 584 1612 789 1707; x_wconf 84' lang='lat' dir='ltr'>hunc</span> <span class='ocrx_word' id='word_1_92' title='bbox 839 1614 1294 1695; x_wconf 77' lang='lat' dir='ltr'>accesserunt</span> <span class='ocrx_word' id='word_1_93' title='bbox 1347 1614 1618 1693; x_wconf 89' lang='lat' dir='ltr'>deinde</span> <span class='ocrx_word' id='word_1_94' title='bbox 1649 1615 2005 1712; x_wconf 82' lang='lat' dir='ltr'>Marcus,</span> <span class='ocrx_word' id='word_1_95' title='bbox 2057 1615 2999 1695; x_wconf 86' lang='lat' dir='ltr'>&amp;MichaelCondulme-</span> 
     </span>
     <span class='ocr_line' id='line_1_15' title="bbox 296 1713 3016 1817; baseline 0.001 -23"><span class='ocrx_word' id='word_1_96' title='bbox 296 1715 397 1795; x_wconf 86' lang='lat' dir='ltr'>rii</span> <span class='ocrx_word' id='word_1_97' title='bbox 456 1713 785 1809; x_wconf 88' lang='lat' dir='ltr'>Veneti,</span> <span class='ocrx_word' id='word_1_98' title='bbox 836 1714 1146 1817; x_wconf 84' lang='lat' dir='ltr'>Simeon</span> <span class='ocrx_word' id='word_1_99' title='bbox 1196 1715 1293 1792; x_wconf 89' lang='lat' dir='ltr'>de</span> <span class='ocrx_word' id='word_1_100' title='bbox 1348 1714 1650 1793; x_wconf 70' lang='lat' dir='ltr'>Persicis</span> <span class='ocrx_word' id='word_1_101' title='bbox 1702 1715 2281 1811; x_wconf 73' lang='lat' dir='ltr'>Cremonenfi8‚</span> <span class='ocrx_word' id='word_1_102' title='bbox 2333 1716 2854 1814; x_wconf 85' lang='lat' dir='ltr'>Hieronymus</span> <span class='ocrx_word' id='word_1_103' title='bbox 2904 1718 3016 1798; x_wconf 69' lang='lat' dir='ltr'>de*</span> 
     </span>
     <span class='ocr_line' id='line_1_16' title="bbox 297 1810 3001 1916; baseline 0.001 -21"><span class='ocrx_word' id='word_1_104' title='bbox 297 1810 593 1910; x_wconf 86' lang='lat' dir='ltr'>Musis,</span> <span class='ocrx_word' id='word_1_105' title='bbox 643 1814 717 1893; x_wconf 80' lang='lat'>8&lt;</span> <span class='ocrx_word' id='word_1_106' title='bbox 768 1814 1236 1913; x_wconf 85' lang='lat' dir='ltr'>Augustinus</span> <span class='ocrx_word' id='word_1_107' title='bbox 1288 1815 1380 1894; x_wconf 89' lang='lat' dir='ltr'>de</span> <span class='ocrx_word' id='word_1_108' title='bbox 1433 1813 1798 1895; x_wconf 87' lang='lat' dir='ltr'>Gastaldis</span> <span class='ocrx_word' id='word_1_109' title='bbox 1820 1815 2249 1916; x_wconf 87' lang='lat' dir='ltr'>Papienses‚</span> <span class='ocrx_word' id='word_1_110' title='bbox 2303 1815 2688 1899; x_wconf 85' lang='lat' dir='ltr'>Antonius</span> <span class='ocrx_word' id='word_1_111' title='bbox 2710 1819 2801 1896; x_wconf 91' lang='lat' dir='ltr'>de</span> <span class='ocrx_word' id='word_1_112' title='bbox 2823 1817 3001 1899; x_wconf 86' lang='lat' dir='ltr'>Cal-</span> 
     </span>
     <span class='ocr_line' id='line_1_17' title="bbox 296 1914 3000 2019; baseline 0 -24"><span class='ocrx_word' id='word_1_113' title='bbox 296 1914 512 1995; x_wconf 89' lang='lat' dir='ltr'>citris</span> <span class='ocrx_word' id='word_1_114' title='bbox 570 1916 956 2009; x_wconf 83' lang='lat' dir='ltr'>Venetus,</span> <span class='ocrx_word' id='word_1_115' title='bbox 1007 1935 1231 2016; x_wconf 88' lang='lat' dir='ltr'>atque</span> <span class='ocrx_word' id='word_1_116' title='bbox 1257 1914 1718 1997; x_wconf 89' lang='lat' dir='ltr'>Dominicus</span> <span class='ocrx_word' id='word_1_117' title='bbox 1768 1942 1812 1996; x_wconf 92' lang='lat' dir='ltr'>e</span> <span class='ocrx_word' id='word_1_118' title='bbox 1865 1916 2178 1996; x_wconf 87' lang='lat' dir='ltr'>Patritia</span> <span class='ocrx_word' id='word_1_119' title='bbox 2203 1916 2671 1996; x_wconf 88' lang='lat' dir='ltr'>Maurocena</span> <span class='ocrx_word' id='word_1_120' title='bbox 2723 1939 3000 2019; x_wconf 87' lang='lat' dir='ltr'>gente,</span> 
     </span>
     <span class='ocr_line' id='line_1_18' title="bbox 294 2015 3002 2118; baseline 0.002 -25"><span class='ocrx_word' id='word_1_121' title='bbox 294 2038 570 2095; x_wconf 62' lang='lat' dir='ltr'>omnes</span> <span class='ocrx_word' id='word_1_122' title='bbox 625 2015 829 2097; x_wconf 88' lang='lat' dir='ltr'>bono</span> <span class='ocrx_word' id='word_1_123' title='bbox 882 2015 1204 2102; x_wconf 80' lang='lat' dir='ltr'>recentis</span> <span class='ocrx_word' id='word_1_124' title='bbox 1255 2016 1896 2118; x_wconf 85' lang='lat' dir='ltr'>Congregationis</span> <span class='ocrx_word' id='word_1_125' title='bbox 1948 2017 2199 2099; x_wconf 81' lang='lat' dir='ltr'>odore.</span> <span class='ocrx_word' id='word_1_126' title='bbox 2230 2017 2324 2095; x_wconf 91' lang='lat' dir='ltr'>ad</span> <span class='ocrx_word' id='word_1_127' title='bbox 2374 2016 2767 2097; x_wconf 89' lang='lat' dir='ltr'>Christum</span> <span class='ocrx_word' id='word_1_128' title='bbox 2821 2019 3002 2099; x_wconf 89' lang='lat' dir='ltr'>alle-</span> 
     </span>
    </p>
   </div>
   <div class='ocr_carea' id='block_1_4' title="bbox 296 2113 3132 2216">
    <p class='ocr_par' dir='ltr' id='par_1_5' title="bbox 296 2113 3132 2216">
     <span class='ocr_line' id='line_1_19' title="bbox 296 2113 3132 2216; baseline 0.002 -23"><span class='ocrx_word' id='word_1_129' title='bbox 296 2113 451 2194; x_wconf 73' lang='grc' dir='ltr'>ἐὶί.</span> <span class='ocrx_word' id='word_1_130' title='bbox 507 2116 737 2195; x_wconf 87' lang='lat' dir='ltr'>Tales</span> <span class='ocrx_word' id='word_1_131' title='bbox 788 2115 1025 2216; x_wconf 84' lang='lat' dir='ltr'>igitur</span> <span class='ocrx_word' id='word_1_132' title='bbox 1077 2137 1327 2201; x_wconf 84' lang='lat' dir='ltr'>tantos</span> <span class='ocrx_word' id='word_1_133' title='bbox 1385 2143 1477 2197; x_wconf 88' lang='lat' dir='ltr'>ue</span> <span class='ocrx_word' id='word_1_134' title='bbox 1532 2118 1782 2214; x_wconf 67' lang='lat' dir='ltr'>virm,</span> <span class='ocrx_word' id='word_1_135' title='bbox 1833 2140 1915 2196; x_wconf 89' lang='lat' dir='ltr'>ut</span> <span class='ocrx_word' id='word_1_136' title='bbox 1969 2117 2399 2197; x_wconf 85' lang='lat' dir='ltr'>Bonisacius</span> <span class='ocrx_word' id='word_1_137' title='bbox 2426 2118 2554 2196; x_wconf 86' lang='lat' dir='ltr'>IX.</span> <span class='ocrx_word' id='word_1_138' title='bbox 2609 2120 2999 2209; x_wconf 83' lang='lat' dir='ltr'>Romanus</span> <span class='ocrx_word' id='word_1_139' title='bbox 3119 2128 3132 2135; x_wconf 82' lang='lat'><em>&#39;</em></span> 
     </span>
    </p>
   </div>
   <div class='ocr_carea' id='block_1_5' title="bbox 224 2213 3092 4335">
    <p class='ocr_par' dir='ltr' id='par_1_6' title="bbox 224 2213 3092 4335">
     <span class='ocr_line' id='line_1_20' title="bbox 296 2213 3002 2320; baseline 0.001 -25"><span class='ocrx_word' id='word_1_140' title='bbox 296 2213 663 2295; x_wconf 85' lang='lat' dir='ltr'>Pontifex</span> <span class='ocrx_word' id='word_1_141' title='bbox 733 2215 817 2294; x_wconf 89' lang='lat' dir='ltr'>in</span> <span class='ocrx_word' id='word_1_142' title='bbox 890 2216 1036 2296; x_wconf 70' lang='lat' dir='ltr'>suar</span> <span class='ocrx_word' id='word_1_143' title='bbox 1086 2218 1320 2297; x_wconf 88' lang='lat' dir='ltr'>Eccle</span> <span class='ocrx_word' id='word_1_144' title='bbox 1379 2245 1437 2297; x_wconf 85' lang='lat' dir='ltr'>ae</span> <span class='ocrx_word' id='word_1_145' title='bbox 1489 2218 1561 2297; x_wconf 92' lang='lat' dir='ltr'>S.</span> <span class='ocrx_word' id='word_1_146' title='bbox 1606 2216 1923 2320; x_wconf 86' lang='lat' dir='ltr'>Georgii</span> <span class='ocrx_word' id='word_1_147' title='bbox 1975 2220 2067 2297; x_wconf 91' lang='lat' dir='ltr'>de</span> <span class='ocrx_word' id='word_1_148' title='bbox 2120 2220 2318 2318; x_wconf 86' lang='lat' dir='ltr'>Alga</span> <span class='ocrx_word' id='word_1_149' title='bbox 2369 2216 2812 2299; x_wconf 87' lang='lat' dir='ltr'>Canonicos</span> <span class='ocrx_word' id='word_1_150' title='bbox 2863 2221 3002 2299; x_wconf 79' lang='lat' dir='ltr'>Sae-</span> 
     </span>
     <span class='ocr_line' id='line_1_21' title="bbox 295 2317 3005 2431; baseline 0.002 -36"><span class='ocrx_word' id='word_1_151' title='bbox 295 2317 592 2396; x_wconf 88' lang='lat' dir='ltr'>culares</span> <span class='ocrx_word' id='word_1_152' title='bbox 644 2338 1004 2431; x_wconf 81' lang='lat' dir='ltr'>perpetuo</span> <span class='ocrx_word' id='word_1_153' title='bbox 1057 2317 1478 2399; x_wconf 87' lang='lat' dir='ltr'>institueret</span> <span class='ocrx_word' id='word_1_154' title='bbox 1518 2373 1545 2413; x_wconf 92' lang='lat'>,</span> <span class='ocrx_word' id='word_1_155' title='bbox 1619 2319 1835 2419; x_wconf 81' lang='lat' dir='ltr'>ipsius</span> <span class='ocrx_word' id='word_1_156' title='bbox 1889 2317 2248 2419; x_wconf 89' lang='lat' dir='ltr'>pietatem</span> <span class='ocrx_word' id='word_1_157' title='bbox 2299 2319 2737 2399; x_wconf 85' lang='lat' dir='ltr'>Ludovicus</span> <span class='ocrx_word' id='word_1_158' title='bbox 2787 2320 3005 2400; x_wconf 89' lang='lat' dir='ltr'>Prior</span> 
     </span>
     <span class='ocr_line' id='line_1_22' title="bbox 294 2415 3000 2528; baseline 0.001 -33"><span class='ocrx_word' id='word_1_159' title='bbox 294 2415 545 2495; x_wconf 82' lang='lat' dir='ltr'>enixis</span> <span class='ocrx_word' id='word_1_160' title='bbox 600 2420 945 2528; x_wconf 76' lang='lat' dir='ltr'>precibus</span> <span class='ocrx_word' id='word_1_161' title='bbox 995 2418 1444 2499; x_wconf 88' lang='lat' dir='ltr'>obtestatur.</span> <span class='ocrx_word' id='word_1_162' title='bbox 1501 2422 1695 2498; x_wconf 86' lang='lat' dir='ltr'>Rern</span> <span class='ocrx_word' id='word_1_163' title='bbox 1752 2419 1957 2499; x_wconf 87' lang='lat' dir='ltr'>facili</span> <span class='ocrx_word' id='word_1_164' title='bbox 2010 2418 2189 2499; x_wconf 86' lang='lat' dir='ltr'>aure</span> <span class='ocrx_word' id='word_1_165' title='bbox 2242 2419 2542 2519; x_wconf 83' lang='lat' dir='ltr'>excepit</span> <span class='ocrx_word' id='word_1_166' title='bbox 2596 2420 3000 2519; x_wconf 85' lang='lat' dir='ltr'>Pontifex,</span> 
     </span>
     <span class='ocr_line' id='line_1_23' title="bbox 289 2516 3002 2621; baseline 0.003 -27"><span class='ocrx_word' id='word_1_167' title='bbox 289 2536 522 2615; x_wconf 87' lang='lat' dir='ltr'>atque</span> <span class='ocrx_word' id='word_1_168' title='bbox 575 2516 1065 2597; x_wconf 74' lang='lat' dir='ltr'>libentiss&#39;imo</span> <span class='ocrx_word' id='word_1_169' title='bbox 1113 2518 1376 2599; x_wconf 88' lang='lat' dir='ltr'>animo</span> <span class='ocrx_word' id='word_1_170' title='bbox 1425 2520 2124 2621; x_wconf 86' lang='lat' dir='ltr'>Congregationem</span> <span class='ocrx_word' id='word_1_171' title='bbox 2179 2520 2694 2621; x_wconf 85' lang='lat' dir='ltr'>amplexatus,</span> <span class='ocrx_word' id='word_1_172' title='bbox 2747 2541 3002 2602; x_wconf 90' lang='lat' dir='ltr'>totum</span> 
     </span>
     <span class='ocr_line' id='line_1_24' title="bbox 286 2614 3006 2725; baseline 0.002 -31"><span class='ocrx_word' id='word_1_173' title='bbox 286 2614 697 2714; x_wconf 79' lang='lat' dir='ltr'>negotium</span> <span class='ocrx_word' id='word_1_174' title='bbox 766 2618 1070 2718; x_wconf 86' lang='lat' dir='ltr'>Angelo</span> <span class='ocrx_word' id='word_1_175' title='bbox 1120 2620 1619 2721; x_wconf 77' lang='lat' dir='ltr'>Chysamensr</span> <span class='ocrx_word' id='word_1_176' title='bbox 1670 2620 2045 2725; x_wconf 87' lang='lat' dir='ltr'>Episcopo</span> <span class='ocrx_word' id='word_1_177' title='bbox 2097 2619 2445 2699; x_wconf 89' lang='lat' dir='ltr'>Venetiis</span> <span class='ocrx_word' id='word_1_178' title='bbox 2495 2620 3006 2702; x_wconf 87' lang='lat' dir='ltr'>commoranti</span> 
     </span>
     <span class='ocr_line' id='line_1_25' title="bbox 286 2715 3002 2821; baseline 0.002 -26"><span class='ocrx_word' id='word_1_179' title='bbox 286 2715 680 2815; x_wconf 83' lang='lat' dir='ltr'>delegavit</span> <span class='ocrx_word' id='word_1_180' title='bbox 719 2771 747 2813; x_wconf 87' lang='lat'>‚</span> <span class='ocrx_word' id='word_1_181' title='bbox 798 2717 1019 2818; x_wconf 84' lang='lat' dir='ltr'>eique</span> <span class='ocrx_word' id='word_1_182' title='bbox 1071 2745 1202 2819; x_wconf 88' lang='lat' dir='ltr'>per</span> <span class='ocrx_word' id='word_1_183' title='bbox 1252 2721 1658 2821; x_wconf 88' lang='lat' dir='ltr'>apostolica</span> <span class='ocrx_word' id='word_1_184' title='bbox 1706 2720 1976 2821; x_wconf 89' lang='lat' dir='ltr'>scripta</span> <span class='ocrx_word' id='word_1_185' title='bbox 2029 2720 2417 2799; x_wconf 87' lang='lat' dir='ltr'>mandavit</span> <span class='ocrx_word' id='word_1_186' title='bbox 2459 2773 2487 2814; x_wconf 92' lang='lat'>,</span> <span class='ocrx_word' id='word_1_187' title='bbox 2539 2741 2622 2799; x_wconf 90' lang='lat' dir='ltr'>ut</span> <span class='ocrx_word' id='word_1_188' title='bbox 2674 2722 2767 2800; x_wconf 89' lang='lat' dir='ltr'>ad</span> <span class='ocrx_word' id='word_1_189' title='bbox 2824 2723 3002 2800; x_wconf 92' lang='lat' dir='ltr'>Mo·</span> 
     </span>
     <span class='ocr_line' id='line_1_26' title="bbox 288 2814 3001 2919; baseline 0.002 -24"><span class='ocrx_word' id='word_1_190' title='bbox 288 2814 707 2895; x_wconf 80' lang='lat' dir='ltr'>nasserium</span> <span class='ocrx_word' id='word_1_191' title='bbox 760 2819 1148 2916; x_wconf 68' lang='lat' dir='ltr'>praefatum</span> <span class='ocrx_word' id='word_1_192' title='bbox 1203 2820 1696 2919; x_wconf 87' lang='lat' dir='ltr'>personaliter</span> <span class='ocrx_word' id='word_1_193' title='bbox 1744 2822 2105 2899; x_wconf 90' lang='lat' dir='ltr'>accedens</span> <span class='ocrx_word' id='word_1_194' title='bbox 2156 2820 2249 2898; x_wconf 92' lang='lat' dir='ltr'>de</span> <span class='ocrx_word' id='word_1_195' title='bbox 2300 2818 2658 2898; x_wconf 90' lang='lat' dir='ltr'>omnibus</span> <span class='ocrx_word' id='word_1_196' title='bbox 2710 2822 2782 2899; x_wconf 91' lang='lat' dir='ltr'>se</span> <span class='ocrx_word' id='word_1_197' title='bbox 2834 2821 3001 2900; x_wconf 84' lang='lat' dir='ltr'>dili-</span> 
     </span>
     <span class='ocr_line' id='line_1_27' title="bbox 289 2914 3088 3017; baseline 0.001 -22"><span class='ocrx_word' id='word_1_198' title='bbox 289 2935 568 3014; x_wconf 69' lang='lat' dir='ltr'>genter</span> <span class='ocrx_word' id='word_1_199' title='bbox 616 2914 1231 3008; x_wconf 45' lang='lat' dir='ltr'>informaremur</span> <span class='ocrx_word' id='word_1_200' title='bbox 1286 2942 1379 2995; x_wconf 90' lang='lat' dir='ltr'>ue</span> <span class='ocrx_word' id='word_1_201' title='bbox 1432 2916 1783 2999; x_wconf 79' lang='lat' dir='ltr'>omnium</span> <span class='ocrx_word' id='word_1_202' title='bbox 1809 2918 2130 2997; x_wconf 87' lang='lat' dir='ltr'>veritate</span> <span class='ocrx_word' id='word_1_203' title='bbox 2248 2937 2544 3016; x_wconf 84' lang='lat' dir='ltr'>rcepta,</span> <span class='ocrx_word' id='word_1_204' title='bbox 2585 2914 2818 3017; x_wconf 83' lang='lat' dir='ltr'>ipsum</span> <span class='ocrx_word' id='word_1_205' title='bbox 2843 2929 3002 2999; x_wconf 90' lang='lat' dir='ltr'>Mo-</span> <span class='ocrx_word' id='word_1_206' title='bbox 3083 2942 3088 2949; x_wconf 88' lang='lat'><strong>·</strong></span> 
     </span>
     <span class='ocr_line' id='line_1_28' title="bbox 285 2942 3004 3118; baseline 0.003 -27"><span class='ocrx_word' id='word_1_207' title='bbox 285 3011 695 3115; x_wconf 64' lang='lat' dir='ltr'>nasto-rium</span> <span class='ocrx_word' id='word_1_208' title='bbox 713 3068 741 3109; x_wconf 92' lang='lat'>,</span> <span class='ocrx_word' id='word_1_209' title='bbox 790 3012 892 3093; x_wconf 59' lang='lat'>(9-</span> <span class='ocrx_word' id='word_1_210' title='bbox 909 3013 1214 3116; x_wconf 67' lang='lat' dir='ltr'>quidqai</span> <span class='ocrx_word' id='word_1_211' title='bbox 1313 3014 1397 3095; x_wconf 87' lang='lat' dir='ltr'>in</span> <span class='ocrx_word' id='word_1_212' title='bbox 1444 3044 1526 3097; x_wconf 85' lang='lat' dir='ltr'>eo</span> <span class='ocrx_word' id='word_1_213' title='bbox 1576 3014 2030 3096; x_wconf 69' lang='lat' dir='ltr'>correHionis</span> <span class='ocrx_word' id='word_1_214' title='bbox 2046 3073 2075 3115; x_wconf 89' lang='lat'>‚</span> <span class='ocrx_word' id='word_1_215' title='bbox 2108 2942 2248 3118; x_wconf 48' lang='grc' dir='ltr'>ἕξει</span> <span class='ocrx_word' id='word_1_216' title='bbox 2294 3015 2842 3118; x_wconf 73' lang='lat' dir='ltr'>reformationis¹</span> <span class='ocrx_word' id='word_1_217' title='bbox 2857 3019 3004 3103; x_wconf 72' lang='lat' dir='ltr'>,mi-</span> 
     </span>
     <span class='ocr_line' id='line_1_29' title="bbox 284 3111 3002 3218; baseline 0.003 -26"><span class='ocrx_word' id='word_1_218' title='bbox 284 3111 589 3215; x_wconf 60' lang='lat' dir='ltr'>nisterio</span> <span class='ocrx_word' id='word_1_219' title='bbox 640 3116 1089 3214; x_wconf 80' lang='lat' dir='ltr'>cognosceret</span> <span class='ocrx_word' id='word_1_220' title='bbox 1140 3112 1466 3215; x_wconf 75' lang='lat' dir='ltr'>indigere</span> <span class='ocrx_word' id='word_1_221' title='bbox 1486 3171 1513 3213; x_wconf 91' lang='lat'>‚</span> <span class='ocrx_word' id='word_1_222' title='bbox 1562 3138 1726 3197; x_wconf 81' lang='lat' dir='ltr'>tam</span> <span class='ocrx_word' id='word_1_223' title='bbox 1778 3116 1861 3195; x_wconf 86' lang='lat' dir='ltr'>in</span> <span class='ocrx_word' id='word_1_224' title='bbox 1911 3118 2198 3216; x_wconf 63' lang='lat' dir='ltr'>capite,</span> <span class='ocrx_word' id='word_1_225' title='bbox 2247 3143 2472 3218; x_wconf 87' lang='lat' dir='ltr'>quam</span> <span class='ocrx_word' id='word_1_226' title='bbox 2525 3115 2606 3195; x_wconf 85' lang='lat' dir='ltr'>in</span> <span class='ocrx_word' id='word_1_227' title='bbox 2657 3118 3002 3200; x_wconf 81' lang='lat' dir='ltr'>membris</span> 
     </span>
     <span class='ocr_line' id='line_1_30' title="bbox 290 3213 3007 3321; baseline 0.003 -27"><span class='ocrx_word' id='word_1_228' title='bbox 290 3213 764 3295; x_wconf 88' lang='lat' dir='ltr'>authoritate</span> <span class='ocrx_word' id='word_1_229' title='bbox 814 3216 1248 3317; x_wconf 88' lang='lat' dir='ltr'>Apostolica</span> <span class='ocrx_word' id='word_1_230' title='bbox 1288 3217 1673 3316; x_wconf 79' lang='lat' dir='ltr'>corrigeret</span> <span class='ocrx_word' id='word_1_231' title='bbox 1710 3274 1751 3314; x_wconf 73' lang='lat'>,‚</span> <span class='ocrx_word' id='word_1_232' title='bbox 1789 3220 1888 3299; x_wconf 67' lang='grc' dir='ltr'>Θ·</span> <span class='ocrx_word' id='word_1_233' title='bbox 1936 3218 2365 3320; x_wconf 82' lang='lat' dir='ltr'>reformaret</span> <span class='ocrx_word' id='word_1_234' title='bbox 2402 3274 2432 3315; x_wconf 88' lang='lat'>,</span> <span class='ocrx_word' id='word_1_235' title='bbox 2485 3221 2845 3321; x_wconf 81' lang='lat' dir='ltr'>statueret</span> <span class='ocrx_word' id='word_1_236' title='bbox 2892 3221 3007 3303; x_wconf 86' lang='lat' dir='ltr'>in·</span> 
     </span>
     <span class='ocr_line' id='line_1_31' title="bbox 290 3312 3006 3420; baseline 0.002 -25"><span class='ocrx_word' id='word_1_237' title='bbox 290 3315 389 3395; x_wconf 87' lang='lat' dir='ltr'>de</span> <span class='ocrx_word' id='word_1_238' title='bbox 410 3368 440 3412; x_wconf 91' lang='lat'>,</span> <span class='ocrx_word' id='word_1_239' title='bbox 491 3335 716 3414; x_wconf 87' lang='lat' dir='ltr'>atque</span> <span class='ocrx_word' id='word_1_240' title='bbox 768 3312 850 3394; x_wconf 87' lang='lat' dir='ltr'>in</span> <span class='ocrx_word' id='word_1_241' title='bbox 914 3314 1178 3405; x_wconf 82' lang='lat' dir='ltr'>itueret</span> <span class='ocrx_word' id='word_1_242' title='bbox 1226 3315 1747 3416; x_wconf 77' lang='lat' dir='ltr'>inperpetuum</span> <span class='ocrx_word' id='word_1_243' title='bbox 1768 3375 1795 3417; x_wconf 91' lang='lat'>‚</span> <span class='ocrx_word' id='word_1_244' title='bbox 1844 3316 1979 3398; x_wconf 78' lang='lat' dir='ltr'>vel</span> <span class='ocrx_word' id='word_1_245' title='bbox 2030 3317 2131 3400; x_wconf 80' lang='lat' dir='ltr'>ad</span> <span class='ocrx_word' id='word_1_246' title='bbox 2148 3342 2426 3399; x_wconf 81' lang='lat' dir='ltr'>certum</span> <span class='ocrx_word' id='word_1_247' title='bbox 2446 3339 2735 3418; x_wconf 79' lang='lat' dir='ltr'>tempus</span> <span class='ocrx_word' id='word_1_248' title='bbox 2751 3376 2778 3418; x_wconf 91' lang='lat'>‚</span> <span class='ocrx_word' id='word_1_249' title='bbox 2832 3349 3006 3420; x_wconf 86' lang='lat' dir='ltr'>aug-</span> 
     </span>
     <span class='ocr_line' id='line_1_32' title="bbox 292 3412 3034 3525; baseline 0.003 -32"><span class='ocrx_word' id='word_1_250' title='bbox 292 3412 701 3497; x_wconf 78' lang='lat' dir='ltr'>mentando</span> <span class='ocrx_word' id='word_1_251' title='bbox 720 3469 748 3511; x_wconf 85' lang='lat'>‚</span> <span class='ocrx_word' id='word_1_252' title='bbox 853 3414 1277 3497; x_wconf 81' lang='lat' dir='ltr'>iminuendo</span> <span class='ocrx_word' id='word_1_253' title='bbox 1318 3473 1344 3515; x_wconf 93' lang='lat'>,</span> <span class='ocrx_word' id='word_1_254' title='bbox 1379 3421 1517 3519; x_wconf 70' lang='lat' dir='ltr'>seu</span> <span class='ocrx_word' id='word_1_255' title='bbox 1566 3420 1921 3499; x_wconf 80' lang='lat' dir='ltr'>mutando</span> <span class='ocrx_word' id='word_1_256' title='bbox 1959 3476 1988 3518; x_wconf 90' lang='lat'>,</span> <span class='ocrx_word' id='word_1_257' title='bbox 2060 3443 2192 3500; x_wconf 83' lang='lat' dir='ltr'>aut</span> <span class='ocrx_word' id='word_1_258' title='bbox 2241 3418 2668 3498; x_wconf 73' lang='lat' dir='ltr'>innovando</span> <span class='ocrx_word' id='word_1_259' title='bbox 2706 3420 3034 3525; x_wconf 81' lang='lat' dir='ltr'>praesati·</span> 
     </span>
     <span class='ocr_line' id='line_1_33' title="bbox 290 3513 3006 3628; baseline 0.003 -35"><span class='ocrx_word' id='word_1_260' title='bbox 290 3513 740 3628; x_wconf 79' lang='lat' dir='ltr'>Monasterii</span> <span class='ocrx_word' id='word_1_261' title='bbox 780 3521 1060 3620; x_wconf 78' lang='lat' dir='ltr'>statum</span> <span class='ocrx_word' id='word_1_262' title='bbox 1100 3575 1128 3616; x_wconf 96' lang='lat'>,</span> <span class='ocrx_word' id='word_1_263' title='bbox 1173 3522 1458 3620; x_wconf 78' lang='lat' dir='ltr'>statuta</span> <span class='ocrx_word' id='word_1_264' title='bbox 1487 3575 1514 3617; x_wconf 91' lang='lat'>‚</span> <span class='ocrx_word' id='word_1_265' title='bbox 1562 3518 2102 3623; x_wconf 79' lang='lat' dir='ltr'>constitutiones</span> <span class='ocrx_word' id='word_1_266' title='bbox 2140 3575 2168 3617; x_wconf 87' lang='lat'>‚</span> <span class='ocrx_word' id='word_1_267' title='bbox 2238 3519 2338 3600; x_wconf 60' lang='grc' dir='ltr'><em>Θ</em></span> <span class='ocrx_word' id='word_1_268' title='bbox 2390 3513 2548 3599; x_wconf 85' lang='lat' dir='ltr'>alia</span> <span class='ocrx_word' id='word_1_269' title='bbox 2597 3519 2830 3600; x_wconf 79' lang='lat' dir='ltr'>etiam</span> <span class='ocrx_word' id='word_1_270' title='bbox 2871 3546 3006 3620; x_wconf 81' lang='lat' dir='ltr'>pro</span> 
     </span>
     <span class='ocr_line' id='line_1_34' title="bbox 291 3612 3009 3721; baseline 0.001 -26"><span class='ocrx_word' id='word_1_271' title='bbox 291 3612 587 3695; x_wconf 75' lang='lat' dir='ltr'>divims</span> <span class='ocrx_word' id='word_1_272' title='bbox 639 3615 886 3717; x_wconf 71' lang='lat' dir='ltr'>officiis</span> <span class='ocrx_word' id='word_1_273' title='bbox 935 3617 1351 3715; x_wconf 82' lang='lat' dir='ltr'>hujusmodi</span> <span class='ocrx_word' id='word_1_274' title='bbox 1387 3618 1826 3720; x_wconf 76' lang='lat' dir='ltr'>peragendis</span> <span class='ocrx_word' id='word_1_275' title='bbox 1896 3612 2378 3698; x_wconf 77' lang='lat' dir='ltr'>rationabilia</span> <span class='ocrx_word' id='word_1_276' title='bbox 2416 3673 2444 3715; x_wconf 85' lang='lat'>‚</span> <span class='ocrx_word' id='word_1_277' title='bbox 2514 3620 2615 3702; x_wconf 71' lang='lat'>(9⁴</span> <span class='ocrx_word' id='word_1_278' title='bbox 2666 3618 3009 3721; x_wconf 80' lang='lat' dir='ltr'>salubria</span> 
     </span>
     <span class='ocr_line' id='line_1_35' title="bbox 289 3714 3092 3826; baseline 0 -34"><span class='ocrx_word' id='word_1_279' title='bbox 289 3714 378 3793; x_wconf 86' lang='lat' dir='ltr'>in</span> <span class='ocrx_word' id='word_1_280' title='bbox 433 3714 586 3818; x_wconf 78' lang='lat' dir='ltr'>ipsb</span> <span class='ocrx_word' id='word_1_281' title='bbox 613 3717 1056 3821; x_wconf 70' lang='lat' dir='ltr'>Monasterio</span> <span class='ocrx_word' id='word_1_282' title='bbox 1108 3719 1569 3821; x_wconf 78' lang='lat' dir='ltr'>observanda</span> <span class='ocrx_word' id='word_1_283' title='bbox 1618 3720 1993 3800; x_wconf 75' lang='lat' dir='ltr'>ordinaret</span> <span class='ocrx_word' id='word_1_284' title='bbox 2040 3718 2139 3798; x_wconf 66' lang='grc' dir='ltr'>Θ·</span> <span class='ocrx_word' id='word_1_285' title='bbox 2172 3715 2632 3826; x_wconf 72' lang='lat' dir='ltr'>disponeret.</span> <span class='ocrx_word' id='word_1_286' title='bbox 2687 3721 3004 3821; x_wconf 87' lang='lat' dir='ltr'>Aposto·</span> <span class='ocrx_word' id='word_1_287' title='bbox 3089 3790 3092 3793; x_wconf 77' lang='grc'><em>,</em></span> 
     </span>
     <span class='ocr_line' id='line_1_36' title="bbox 224 3810 3002 3924; baseline 0.003 -29"><span class='ocrx_word' id='word_1_288' title='bbox 224 3810 259 3839; x_wconf 51' lang='lat'>⁸</span> <span class='ocrx_word' id='word_1_289' title='bbox 290 3815 486 3897; x_wconf 84' lang='lat' dir='ltr'>licas</span> <span class='ocrx_word' id='word_1_290' title='bbox 538 3817 911 3899; x_wconf 76' lang='lat' dir='ltr'>Bonifa‘cii</span> <span class='ocrx_word' id='word_1_291' title='bbox 965 3821 1350 3921; x_wconf 85' lang='lat' dir='ltr'>epistolas,</span> <span class='ocrx_word' id='word_1_292' title='bbox 1402 3847 1639 3923; x_wconf 89' lang='lat' dir='ltr'>quum</span> <span class='ocrx_word' id='word_1_293' title='bbox 1662 3821 2036 3924; x_wconf 89' lang='lat' dir='ltr'>Episcopo</span> <span class='ocrx_word' id='word_1_294' title='bbox 2066 3818 2567 3922; x_wconf 86' lang='lat' dir='ltr'>Chysamensi</span> <span class='ocrx_word' id='word_1_295' title='bbox 2616 3821 3002 3903; x_wconf 82' lang='lat' dir='ltr'>obtulisset</span> 
     </span>
     <span class='ocr_line' id='line_1_37' title="bbox 291 3916 3003 4024; baseline 0.002 -29"><span class='ocrx_word' id='word_1_296' title='bbox 291 3916 745 3999; x_wconf 84' lang='lat' dir='ltr'>Ludovicus</span> <span class='ocrx_word' id='word_1_297' title='bbox 786 3974 813 4017; x_wconf 95' lang='lat'>,</span> <span class='ocrx_word' id='word_1_298' title='bbox 883 3922 978 3999; x_wconf 91' lang='lat' dir='ltr'>ab</span> <span class='ocrx_word' id='word_1_299' title='bbox 1030 3946 1124 4000; x_wconf 91' lang='lat' dir='ltr'>eo</span> <span class='ocrx_word' id='word_1_300' title='bbox 1177 3922 1612 4023; x_wconf 88' lang='lat' dir='ltr'>suppliciter</span> <span class='ocrx_word' id='word_1_301' title='bbox 1663 3947 1755 4002; x_wconf 87' lang='lat' dir='ltr'>ex</span> <span class='ocrx_word' id='word_1_302' title='bbox 1808 3923 1981 4003; x_wconf 88' lang='lat' dir='ltr'>etiit</span> <span class='ocrx_word' id='word_1_303' title='bbox 2024 3977 2050 4019; x_wconf 93' lang='lat'>,</span> <span class='ocrx_word' id='word_1_304' title='bbox 2124 3941 2209 4002; x_wconf 92' lang='lat' dir='ltr'>ut</span> <span class='ocrx_word' id='word_1_305' title='bbox 2260 3919 2448 4022; x_wconf 90' lang='lat' dir='ltr'>ipsas</span> <span class='ocrx_word' id='word_1_306' title='bbox 2500 3921 2591 3999; x_wconf 91' lang='lat' dir='ltr'>ad</span> <span class='ocrx_word' id='word_1_307' title='bbox 2647 3921 2796 4021; x_wconf 80' lang='lat' dir='ltr'>Dei</span> <span class='ocrx_word' id='word_1_308' title='bbox 2846 3924 3003 4024; x_wconf 86' lang='lat' dir='ltr'>glo-</span> 
     </span>
     <span class='ocr_line' id='line_1_38' title="bbox 292 3950 3002 4125; baseline 0.004 -32"><span class='ocrx_word' id='word_1_309' title='bbox 292 4016 498 4103; x_wconf 75' lang='lat' dir='ltr'>riam</span> <span class='ocrx_word' id='word_1_310' title='bbox 551 4019 821 4099; x_wconf 83' lang='lat' dir='ltr'>debitae</span> <span class='ocrx_word' id='word_1_311' title='bbox 873 4020 1311 4101; x_wconf 86' lang='lat' dir='ltr'>executioni</span> <span class='ocrx_word' id='word_1_312' title='bbox 1363 4024 1669 4104; x_wconf 91' lang='lat' dir='ltr'>mittere</span> <span class='ocrx_word' id='word_1_313' title='bbox 1740 3950 2178 4125; x_wconf 54' lang='lat' dir='ltr'>dignaretur</span> <span class='ocrx_word' id='word_1_314' title='bbox 2224 4079 2243 4099; x_wconf 93' lang='lat'><strong>.</strong></span> <span class='ocrx_word' id='word_1_315' title='bbox 2297 4021 2471 4100; x_wconf 90' lang='lat' dir='ltr'>Viri</span> <span class='ocrx_word' id='word_1_316' title='bbox 2524 4021 3002 4123; x_wconf 84' lang='lat' dir='ltr'>supplicatio·-</span> 
     </span>
     <span class='ocr_line' id='line_1_39' title="bbox 286 4118 3005 4226; baseline 0.003 -31"><span class='ocrx_word' id='word_1_317' title='bbox 286 4140 406 4195; x_wconf 65' lang='grc' dir='ltr'>,ηε</span> <span class='ocrx_word' id='word_1_318' title='bbox 462 4118 818 4201; x_wconf 70' lang='grc' dir='ltr'>αάἀυᾶὶυς</span> <span class='ocrx_word' id='word_1_319' title='bbox 868 4123 936 4199; x_wconf 89' lang='grc' dir='ltr'><strong>Ε</strong></span> <span class='ocrx_word' id='word_1_320' title='bbox 993 4121 1330 4223; x_wconf 90' lang='lat' dir='ltr'>iscopus,</span> <span class='ocrx_word' id='word_1_321' title='bbox 1383 4145 1698 4225; x_wconf 87' lang='lat' dir='ltr'>urgente</span> <span class='ocrx_word' id='word_1_322' title='bbox 1750 4126 2157 4226; x_wconf 78' lang='lat' dir='ltr'>praesertim</span> <span class='ocrx_word' id='word_1_323' title='bbox 2186 4121 2576 4203; x_wconf 86' lang='lat' dir='ltr'>Pontificis</span> <span class='ocrx_word' id='word_1_324' title='bbox 2627 4122 2860 4221; x_wconf 84' lang='lat' dir='ltr'>jussu,</span> <span class='ocrx_word' id='word_1_325' title='bbox 2911 4124 3005 4203; x_wconf 86' lang='lat' dir='ltr'>ad</span> 
     </span>
     <span class='ocr_line' id='line_1_40' title="bbox 299 4214 3001 4335; baseline 0.002 -40"><span class='ocrx_word' id='word_1_326' title='bbox 299 4214 862 4300; x_wconf 86' lang='lat' dir='ltr'>Monasterium</span> <span class='ocrx_word' id='word_1_327' title='bbox 946 4248 988 4302; x_wconf 90' lang='lat' dir='ltr'>e</span> <span class='ocrx_word' id='word_1_328' title='bbox 1041 4219 1372 4303; x_wconf 87' lang='lat' dir='ltr'>contulit</span> <span class='ocrx_word' id='word_1_329' title='bbox 1411 4278 1439 4319; x_wconf 92' lang='lat'>,</span> <span class='ocrx_word' id='word_1_330' title='bbox 1493 4245 1577 4303; x_wconf 82' lang='lat' dir='ltr'>ut</span> <span class='ocrx_word' id='word_1_331' title='bbox 1630 4251 1791 4305; x_wconf 91' lang='lat' dir='ltr'>rem</span> <span class='ocrx_word' id='word_1_332' title='bbox 1842 4224 2309 4326; x_wconf 63' lang='lat' dir='ltr'>caeteroquin</span> <span class='ocrx_word' id='word_1_333' title='bbox 2359 4241 2644 4302; x_wconf 88' lang='lat' dir='ltr'>certam</span> <span class='ocrx_word' id='word_1_334' title='bbox 2699 4225 3001 4335; x_wconf 75' lang='lat' dir='ltr'>praesen-</span> 
     </span>
    </p>
   </div>
   <div class='ocr_carea' id='block_1_6' title="bbox 311 4317 3002 4500">
    <p class='ocr_par' dir='ltr' id='par_1_7' title="bbox 311 4317 3002 4500">
     <span class='ocr_line' id='line_1_41' title="bbox 311 4317 3002 4500; baseline 0.001 -103"><span class='ocrx_word' id='word_1_335' title='bbox 311 4317 379 4397; x_wconf 88' lang='lat' dir='ltr'>ti</span> <span class='ocrx_word' id='word_1_336' title='bbox 434 4319 784 4434; x_wconf 81' lang='lat' dir='ltr'>examine</span> <span class='ocrx_word' id='word_1_337' title='bbox 837 4322 1280 4426; x_wconf 86' lang='lat' dir='ltr'>diligentius</span> <span class='ocrx_word' id='word_1_338' title='bbox 1332 4325 1755 4427; x_wconf 67' lang='lat' dir='ltr'>exquireret</span> <span class='ocrx_word' id='word_1_339' title='bbox 1793 4379 1822 4426; x_wconf 88' lang='lat'>,</span> <span class='ocrx_word' id='word_1_340' title='bbox 1891 4350 2217 4429; x_wconf 84' lang='lat' dir='ltr'>cumque</span> <span class='ocrx_word' id='word_1_341' title='bbox 2270 4322 2508 4427; x_wconf 88' lang='lat' dir='ltr'>ipsum</span> <span class='ocrx_word' id='word_1_342' title='bbox 2561 4349 2765 4403; x_wconf 86' lang='lat' dir='ltr'>omm</span> <span class='ocrx_word' id='word_1_343' title='bbox 2813 4321 3002 4500; x_wconf 51' lang='lat' dir='ltr'>{tyna</span> 
     </span>
     <span class='ocr_line' id='line_1_42' title="bbox 2741 4446 2906 4499; baseline 0 0"><span class='ocrx_word' id='word_1_344' title='bbox 2741 4447 2819 4499; x_wconf 85' lang='lat' dir='ltr'>re</span> <span class='ocrx_word' id='word_1_345' title='bbox 2850 4446 2906 4499; x_wconf 71' lang='lat' dir='ltr'>t·</span> 
     </span>
    </p>
   </div>
  </div>
 </body>
</html>
