3884 5342
826 435 903 518 S.
970 429 1458 548 Nmorm
1523 460 1652 518 DE
1714 428 2439 523 ToLE'NTINO.
2692 461 2853 548 233

319 587 577 690 pabat‘:
609 586 830 689 'quod
882 584 1183 687 quidem
1241 584 1396 666 fuit‘
1437 585 1518 664 in
1572 585 1794 666 causa
1839 610 1974 665 cur
2016 577 2245 663 'multi
2304 584 2801 667 admiratione
2825 614 2993 691 per·

309 688 494 767 culfi
549 688 628 765 in
653 687 1043 765 meliorem
1100 687 1352 789 fugem
1411 689 1482 766 se
1507 685 1971 788 receperint,
2026 684 2314 786 hacque
2368 687 2825 787 potiffimum
2879 716 2988 769 ra-

283 788 519 884 -tione
571 808 996 891 peccatores
1047 788 1485 880 innumeros
1509 789 1684 867 Deo
1738 786 2177 866 lucrifeciffe
2227 786 2739 866 indubitatum
2802 788 2987 868 fuit.

407 892 498 967 In
549 888 1046 976 concionibus
1119 889 1224 967 ita
1278 892 1635 974 monebat
1687 913 1954 967 omnes
1993 941 2020 984 ,
2093 907 2176 965 ut
2250 888 2339 984 ad
2396 886 2722 989 singulos
2775 890 2989 992 loqui

313 989 758 1084 videretur3‘
789 992 975 1071 adeo
1029 1010 1111 1069 ut
1165 1016 1341 1069 cum
1396 990 1628 1070 finem
1677 988 2183 1069 concionandi
2229 987 2559 1083 faceret,
2609 1011 2987 1104 quotquot

305 1091 612 1170 aderant
664 1092 758 1171 ad
808 1116 983 1170 eurn
1042 1110 1508 1172 recurrerent
1550 1146 1577 1187 ,
1656 1112 1735 1170 ut
1790 1090 2188 1190 ipso‘duce
2241 1086 2547 1188 abjec'cis
2599 1091 2774 1168 vitae
2826 1090 2986 1169 ille-

300 1191 595 1288 cebris,
651 1191 966 1270 humani
1020 1192 1313 1291 generis
1362 1189 1651 1273 hostem
1724 1191 2213 1273 devincerent
2250 1245 2279 1287 ,
2350 1209 2575 1291 atque
2626 1216 2668 1268 a
2722 1189 2990 1270 mundi

303 1290 823 1394 voluptatibus
877 1291 1272 1371 vicioriam
1328 1315 1793 1397 reportarent
1837 1352 1856 1370 .
1913 1295 2146 1372 Dono
2200 1291 2642 1392 penetrandi
2694 1293 2987 1371 animo-
3036 1319 3043 1326 ·

293 1416 478 1471 rum.
527 1393 827 1472 occulta
880 1417 1009 1494 par
1060 1393 1176 1471 illi
1211 1393 1374 1474 'fuit
1429 1394 1840 1496 prophetiae
1894 1392 2267 1473 charisma
2309 1447 2336 1488 ,
2391 1416 2625 1492 eaque
2678 1394 2771 1470 de
2820 1418 2986 1470 cau-

293 1493 367 1571 sa
419 1491 736 1574 Sanffias
789 1493 942 1574 Dei
995 1493 1371 1595 Propheta
1422 1516 1508 1574 ut
1558 1494 1975 1596 plurimum
2052 1496 2464 1573 vocabatur
2508 1549 2526 1568 .
2604 1495 2808 1572 Nam
2875 1493 2983 1572 ita

294 1595 530 1672 De'us’
567 1593 690 1673 illi
741 1594 988 1673 futura
1040 1597 1527 1695 expromebat
1565 1649 1595 1692 ‚
1669 1617 1756 1674 ut
1860 1596 2008 1676 uod
2060 1593 2150 1671 de
2209 1592 2585 1694 Apostolis
2635 1592 2989 1671 Christus

296 1693 644 1790 asseruit,
695 1696 787 1775 de
840 1720 933 1776 eo
985 1695 1214 1774 etiam
1271 1696 1631 1776 affirmari
1686 1722 1782 1796 po
1842 1694 2253 1775 evidetur:
2363 1720 2486 1804 agn
2539 1719 2684 1768 non
2737 1691 2991 1770 dicam

299 1821 434 1873 vos
469 1793 777 1896 servm,
812 1794 959 1893 sed
1008 1795 1320 1894 tunicor,
1373 1794 1549 1898 quia
1600 1794 1897 1892 omnia,
1947 1824 2102 1896 quae
2159 1823 2249 1871 au
2307 1792 2990 1888 ivtaPatre-meo,

300 1917 479 1973 nota
519 1893 676 1996 feci
724 1894 975 1975 vobis.
1033 1898 1290 1978 Multa
1331 1897 1717 2001 praedixit,
1770 1923 1932 1997 quae
1961 1894 2635 1976 brevitatistudens
2658 1891 2988 1990 omi‘tt0‚

296 1995 560 2075 omnia
614 2019 867 2088 tamen
891 1998 982 2078 ad
1007 1999 1527 2099 proximorum
1581 1999 1945 2097 salutem,
2001 1998 2302 2099 Deique
2327 1994 2701 2098 gloriam,
2756 2019 2982 2098 quam

305 2097 599 2198 semper
650 2099 752 2178 ob
805 2099 1068 2179 oculos
1121 2099 1435 2197 habuit,
1489 2099 1897 2180 referebat.
2168 2193 2175 2198 ⁵
2224 2153 2231 2160 -
2986 2195 2991 2202 ,

402 2201 494 2278 In
549 2198 626 2278 id
680 2198 935 2281 sedulo
989 2199 1392 2298 incubuit,
1443 2222 1527 2280 ut
1581 2200 1845 2281 alienis
1899 2197 2456 2280 calamitatibus
2499 2256 2524 2295 ‚
2579 2223 2733 2277 non
2789 2196 2988 2298 spiri·
3070 2299 3075 2302 -

296 2317 420 2379 tus
475 2301 753 2396 modo,
805 2301 1358 2381 verumetiam
1414 2301 1766 2403 corporis.
1803 2303 2231 2383 mederetur
2273 2360 2290 2378 .
2374 2304 2740 2402 Pauperes
2796 2297 2986 2376 invi-

294 2399 553 2513 sebat,
603 2403 1038 2503 parentibus
1088 2406 1393 2484 orbatos
1446 2403 1899 2505 praesertim,
1953 2428 2038 2483 ac
2095 2403 2357 2482 viduas
2397 2458 2424 2498 ,
2551 2401 2773 2498 uibus
2828 2421 2983 2498 non

293 2521 607 2613 exiguas
661 2502 1118 2602 largiebatur
1171 2507 1733 2605 eleemosynas,
1786 2530 1883 2584 ne
1935 2504 2257 2605 egestate
2310 2504 2512 2605 impe
2551 2499 2989 2582 lenteavir-

291 2620 481 2678 tutls
533 2603 794 2682 semita
848 2603 1325 2688 defle-&erent
1371 2664 1389 2683 .
1466 2605 1813 2684 Affiduus
1865 2628 2024 2685 erat
2079 2605 2159 2683 in
2214 2602 2731 2683 Xenodochiis
2772 2656 2803 2699 ,
2853 2599 2987 2679 ubi

280 2700 655 2780 charitate
710 2703 1005 2782 fervens
1057 2706 1355 2804 aegrotis
1407 2705 1922 2799 ministrabat,
1977 2706 2485 2783 imoamultis
2509 2702 2987 2782 Sanffiffimae

286 2800 569 2910 Crucis
612 2801 817 2901 figno
859 2807 1213 2884 morbum
1261 2805 1726 2902 depellebat.
1763 2803 2584 2918 Quidetinebanturin
2613 2801 2988 2896 vinculis,

290 2919 452 2993 ejus
508 2897 734 2980 etiam
790 2902 1370 3001 experiebantur
1424 2902 2063 2982 sanctimoniam..
2095 2902 2260 2982 Illis
2314 2902 2521 2982 enim
2575 2927 2731 2981 non
2755 2901 2984 2978 modo

279 2996 796 3100 eleemosynis
853 3001 1109 3100 praesto
1163 3024 1368 3098 erat,
1422 3028 1688 3082 verum
1744 3003 1979 3082 etiam
2030 3029 2073 3098 a
2127 3003 2459 3082 vinculis
2515 3003 2829 3083 liberare
2885 3001 2984 3078 sa·

281 3098 1266 3213 tageba·t‚.maxime,quos
1320 3126 1634 3200 noverat
1689 3104 1769 3182 in
1824 3103 2214 3204 carcerem,
2254 3125 2541 3184 temere
2594 3101 2976 3197 detrusOS,

277 3199 403 3276 vel
439 3221 871 3278 crimmum
926 3201 1228 3281 suorum
1285 3201 1547 3285 dolore
1599 3203 1944 3286 affectos.
2004 3201 2427 3284 Damnatos
2471 3204 2977 3300 adtriremeS,

278 3318 366 3378 ut
421 3298 871 3415 supplicium
925 3325 1138 3403 aequo
1192 3304 1453 3384 animo
1507 3304 1828 3402 ferrent,
1887 3306 2385 3405 hortabatur,
2444 3305 2981 3387 neceffitatern-

335 3425 564 3515 uenn
619 3421 983 3482 virtutem
1038 3424 1463 3486 verterent.
1522 3408 1873 3505 Tandem
1930 3408 2186 3505 virm,
2238 3435 2323 3487 ac
2377 3408 2723 3488 foeminas
2775 3433 2817 3484 a
2874 3406 2972 3484 la-

305 3500 511 3581 civia
563 3502 932 3583 deterrere
989 3506 1170 3586 totis
1224 3507 1515 3587 viribus
1567 3508 2016 3603 desudabat,
2069 3504 2276 3587 viros'
2328 3509 2415 3587 ad
2441 3506 2974 3609 poenitentiam

277 3627 695 3700 revocans,
748 3603 1096 3688 foeminas
1121 3632 1302 3688 vero
1325 3609 1416 3687 ad
1439 3611 1863 3709 Gynaecea,
1917 3611 2041 3688 vel
2072 3607 2475 3687 nobilium
2532 3609 2798 3687 domos
2849 3606 2973 3684 de-

275 3702 563 3784 ferebat
606 3763 625 3781 .
682 3708 902 3806 Quos
957 3708 1151 3789 inter
1205 3710 1276 3787 se
1331 3708 2194 3811 diffiderecomperiffet
2235 3766 2263 3804 ,
2315 3709 2566 3788 statim
2620 3706 2976 3810 amicitiae

272 3804 555 3885 foedere
610 3807 1057 3907 copulabat.
1115 3809 1470 3910 Denique
1522 3837 1790 3890 omnes
1844 3833 2008 3889 tum
2067 3809 2394 3910 publicis
2431 3865 2456 3906 ,
2511 3831 2675 3889 tum
2732 3807 2975 3908 priva·

274 3907 372 4022 tis
427 3908 902 3989 sermonibus
953 3912 1043 3989 ad
1099 3910 1403 3989 vitanda
1458 3911 1781 4007 scelera,
1833 3912 2320 4013 iterandaque
2375 3912 2558 4011 saepe
2605 3909 2974 4013 poeniten-

272 4028 399 4087 ttae
441 4063 472 4104 ,
545 4033 630 4089 ac
703 4010 1194 4092 Eucharistiae
1294 4013 1735 4093 hortabatur
1809 4016 2358 4109 Sacramenta,
2432 4039 2757 4114 quorum
2836 4011 2973 4089 fre-

268 4109 673 4288 gtuentiam
727 4138 882 4191 non
938 4112 1424 4193 mediocriter
1478 4114 1921 4216 propagavit
1957 4170 1983 4209 ,
2057 4140 2144 4193 ac
2199 4114 2279 4193 in
2336 4116 2750 4218 Deiparam
2796 4114 2973 4189 San-

349 4209 1064 4325 implam-amorem
1088 4269 1115 4312 ,
1166 4240 1258 4295 cu
1268 4214 1380 4312 jus
1403 4216 1919 4295 Immaculatae
1940 4214 2494 4317 Conceptionis
2531 4211 2973 4315 mysterium

271 4311 638 4396 omnibus
689 4317 1162 4397 inculcabat.
1217 4318 1428 4396 Voto
1454 4316 1663 4396 enim
1689 4317 1759 4396 se
1782 4314 2272 4404 adstrinxerat
2294 4318 2388 4396 ad
2415 4317 2606 4395 illud
2634 4339 2791 4394 non
2817 4335 2974 4389 mo·

279 4411 379 4490 do
424 4411 848 4507 tuendum,
901 4442 1165 4500 verum
1207 4418 1444 4502 etiam
1485 4419 1685 4500 inter
1737 4417 1995 4501 fideles
2039 4418 2643 4519 propagandum.

494 4520 708 4594 Tom.
753 4520 869 4592 VI.
1053 4590 1067 4624 ζ
1463 4601 1484 4614 ,
1925 4520 2070 4622 Gg
2304 4543 2333 4556 “
2664 4510 2881 4598 Cum
