3884 5342
2715 239 2812 278 ..s

983 417 1098 521 76
1484 379 3070 496 DaM'oistasTento‘

963 568 1080 638 Ne
1130 555 1384 654 itaque
1436 544 1756 649 Ecclesta
1804 546 2050 630 debito
2087 548 2602 652 destitueretur
2636 544 2955 651 servitio
2973 597 3003 643 ,
3056 544 3133 627 8<
3153 547 3347 634 sarta
3367 546 3565 638 testa

867 658 1421 749 custodiretur,
1472 648 1857 731 Fratribus
1911 651 2272 733 Minimis
2322 655 2393 734 S.
2419 651 2795 734 Francisci
2843 649 2937 729 de
2989 650 3224 730 Paula
3272 651 3569 730 conces-

864 764 943 843 sa
996 758 1187 853 fuit,
1236 754 1371 857 qui
1421 776 1600 834 cum
1652 774 1747 830 ex
1799 749 1956 833 loci
2006 753 2400 852 distantia,
2449 757 2800 835 &rerum
2851 750 3201 836 omnium
3255 750 3567 854 inopia,

864 885 1011 943 nec
1064 857 1192 961 ipsi
1244 855 1411 936 aliis
1456 851 1810 958 suffragia
1876 853 2291 955 spiritualia
2358 853 2912 936 subministrare
2953 908 2980 949 ‚
3054 878 3193 938 nec
3246 855 3341 932 ab
3394 851 3567 931 aliis

863 958 1315 1061 temporalia
1369 955 1543 1036 vitae
1597 954 1955 1035 alimenta
2009 955 2370 1057 suscipere
2426 957 2838 1050 valerent,-
2872 954 3073 1034 haud
3127 954 3380 1036 multo
3402 951 3587 1066 pesp

865 1057 1423 1141 Monasterium
1477 1052 1717 1138 coaffi
1768 1055 1939 1134 sunt
1994 1056 2369 1156 deserere,
2420 1059 2496 1140 &
2545 1059 2639 1137 ad
2692 1055 3024 1158 proprias
3074 1055 3144 1133 S.
3185 1054 3567 1136 Francisci

864 1159 960 1241 de
1016 1157 1245 1239 Paula
1298 1155 1793 1238 Venetiarum
1847 1155 2119 1255 AEdes,
2171 1159 2371 1241 unde
2421 1159 2810 1253 exierant,
2861 1157 3009 1236 sese
3060 1155 3214 1237 reci
3313 1180 3436 1235 re.

900 1295 909 1306 ·
970 1266 1063 1342 In
1114 1261 1443 1364 ipsorum
1494 1259 1753 1340 locum
1807 1255 2154 1339 suffectus
2206 1260 2350 1338 suit
2404 1260 2880 1342 Clarissimus
2933 1257 3150 1336 Ordo
3268 1254 3567 1335 armeli-

866 1384 1120 1444 tarum
1172 1361 1849 1455 Excalceatorum,
1900 1360 2111 1457 cujus
2165 1360 2477 1441 nomine
2519 1415 2547 1459 ,
2617 1386 2820 1441 anno
2874 1357 3198 1437 Mncrc.
3269 1357 3393 1438 die
3435 1380 3566 1435 xv.

857 1463 1328 1566 Septembris
1381 1461 1647 1540 Insulae
1717 1459 2229 1558 possessionem
2301 1460 2479 1541 iniit
2555 1463 2813 1542 Frater
2887 1459 3344 1539 Fortunatus
3394 1483 3439 1572 a
3488 1457 3572 1534 S.

866 1566 1160 1645 carolo
1211 1564 1305 1642 ad
1358 1561 1663 1660 hujusce
1717 1560 2216 1648 Fundationis
2268 1587 2546 1648 munus
2600 1587 2646 1641 a
2693 1560 3226 1666 Superioribus
3247 1558 3568 1645 Ordinis

866 1665 1290 1770 specialiter
1341 1663 1769 1765 delegatus.
2965 1747 2974 1754 ‚

972 1761 1389 1866 Templum
1445 1764 1701 1865 itaque
1755 1765 1829 1844 8<
1884 1763 2440 1850 Monasterium
2511 1792 2722 1850 novo
2775 1768 3299 1869 religiosorum
3369 1762 3580 1843 viroae‘

865 1892 1042 1948 rum
1095 1887 1304 1948 coetu
1357 1867 1660 1946 exculta
1714 1864 2101 1949 horridam
2141 1925 2170 1965 ‚
2237 1895 2466 1971 quam
2520 1895 2614 1949 ex
2668 1871 3093 1950 incolarum
3147 1863 3580 1968 privatione

872 1967 1152 2048 faciem
1174 1988 1670 2067 exceperant,
1722 1963 2270 2067 deposuerunt,
2322 1994 2546 2073 atque
2595 1992 3090 2072 atemporum
3135 1966 3428 2065 injuriis
3473 1991 3581 2047 re-

864 2088 1122 2171 parata
1180 2066 1561 2170 pristinam
1613 2065 1977 2168 religiosae
2029 2070 2453 2152 solitudinis
2504 2071 3028 2153 amoenitatem
3081 2088 3578 2171 receperunt.

974 2165 1625 2267 Decimoseptimo
1677 2169 1775 2246 ab
1815 2168 2136 2270 ingressu
2160 2173 2676 2254 Carmeliticae
2704 2171 3093 2273 religionis
3116 2196 3321 2251 anno
3342 2167 3585 2248 Chri-

867 2267 971 2352 sti
1021 2269 1306 2349 scilicet
1336 2267 1742 2348 Moccxvt.
1796 2269 1917 2347 die
1973 2294 2078 2349 x1.
2181 2273 2368 2372 ulii,
2417 2299 2513 2353 ex
2567 2273 2884 2358 fortuito
2938 2271 3296 2356 incendio
3327 2293 3614 2368 recen-l

871 2391 991 2450 ter
1064 2390 1441 2450 renovatae
1493 2367 1825 2454 Ecclesia
1876 2369 1951 2449 8<
2002 2372 2096 2452 AE
2149 2399 2226 2455 es
2275 2377 2832 2477 conflagrarunt
2877 2428 2903 2470 ,
2975 2397 3070 2452 ex
3122 2373 3332 2488 cujus
3375 2372 3590 2451 flam-

866 2470 1018 2552 mis
1070 2470 1482 2552 dolendum
1537 2470 1869 2552 maxime
1922 2472 2025 2551 est
2077 2477 2541 2558 combustam
2579 2501 2896 2577 -quoque
2948 2473 3157 2553 fuisse
3211 2472 3590 2574 insignem

869 2571 1485 2669 Bibliothecam,
1536 2598 1763 2677 quam
1869 2573 2169 2655 lurimis
2223 2573 2442 2657 libris
2506 2603 2549 2655 a
2592 2578 2664 2657 se
2727 2574 3069 2656 colleetis
3133 2573 3589 2654 fundaverat

871 2672 1262 2754 Antonius
1303 2674 1735 2754 Cardinalis
1846 2677 2222 2772 orrarius,
2275 2701 2458 2758 mox
2510 2703 2648 2757 ms.
2701 2678 3053 2757 codicum
3125 2676 3347 2777 copia
3397 2674 3589 2754 dita-

877 2796 1091 2853 verat
1143 2773 1535 2876 Eugenius
1588 2777 1724 2854 IV.
1800 2773 2151 2856 Pontifex
2190 2832 2219 2873 ,
2290 2778 2600 2858 demum
2656 2777 3109 2862 nobilissima
3171 2800 3437 2856 eorum
3490 2776 3592 2854 li-

879 2876 1191 2956 brorum
1232 2876 1453 2980 copia
1501 2896 1859 2974 auxerat,
1908 2903 2099 2979 quos
2140 2878 2664 2982 Hieronymus
2714 2879 3094 2959 Alcander
3144 2875 3588 2956 Cardinalis

871 2974 1432 3077 Brundusium,
1485 2978 1558 3057 8<
1609 2977 1974 3074 Oritanus
2030 2978 2498 3062 Monasterio
2567 2983 2638 3059 S.
2696 2979 2965 3066 Mariae
3039 2981 3138 3059 ab
3187 2979 3439 3057 Horto
3489 2998 3596 3056 ex

874 3075 1323 3158 testamento
1373 3078 1797 3179 legaverat.
1849 3081 2028 3160 Sola
2079 3079 2281 3160 inter
2332 3081 2665 3162 furentes
2718 3082 3192 3161 flammarum
3247 3076 3588 3157 vortices

873 3176 1104 3256 illaesa
1154 3178 1503 3258 remansit
1555 3180 1689 3261 illa
1740 3181 2015 3260 aedium
2072 3206 2281 3283 pars,
2332 3207 2560 3284 quam
2617 3181 2884 3261 vivens
2907 3178 3234 3262 incoluit
3256 3176 3598 3264 Sanffisf

873 3275 1102 3357 sunus
1158 3275 1585 3360 Patriarcba
1604 3279 2067 3382 Justinianus
2102 3337 2128 3380 ,
2167 3308 2340 3361 nam
2396 3283 2663 3363 eodem
2719 3303 3118 3364 momento
3167 3279 3602 3382 temporisj

873 3404 1031 3479 quo
1083 3377 1405 3461 flammae
1460 3380 1606 3479 jam
1661 3383 1742 3460 in
1797 3381 2253 3461 immensum
2308 3383 2852 3465 succrescentes
2905 3385 2997 3462 ad
3050 3381 3370 3482 parietes
3399 3381 3594 3462 Bea-

878 3480 944 3558 ti
970 3478 1137 3562 Viri
1191 3480 1530 3563 incolatu
1583 3484 2054 3564 venerabiles
2106 3509 2562 3585 pervenere,
2615 3508 2922 3587 repente
2974 3481 3432 3563 subsidentes
3482 3505 3597 3561 re-

877 3582 1411 3681 trocesserunt,
1462 3584 1682 3663 sacris
1733 3584 2018 3662 aedibus
2071 3585 2256 3665 adeo
2309 3585 2610 3668 intaffis
2664 3585 2991 3682 reliffis,
3047 3605 3131 3663 ut
3186 3584 3400 3661 nulla
3422 3605 3600 3683 pars

876 3705 1135 3762 earum
1190 3707 1284 3763 ex
1337 3684 1749 3765 voracitate
1822 3682 2159 3763 incendii
2230 3685 2472 3789 ipsam
2542 3686 3060 3768 circumdante
3115 3685 3515 3765 iaederetur
3564 3733 3592 3761 .

873 3783 1268 3865 Mirabilis
1318 3784 1492 3866 faeti
1547 3783 1964 3882 memoria,
2019 3806 2101 3864 ut
2154 3786 2247 3865 ad
2301 3788 2629 3889 posteros
2680 3787 3113 3892 perenniter
3132 3786 3598 3864 conservan-

872 3884 969 3962 da
1020 3884 1440 3983 derivaret,
1494 3910 1869 3965 marmore
1923 3886 2297 3990 insculpta
2352 3890 2499 3989 est,
2552 3911 2777 3992 atque
2815 3885 3178 3970 exteriori
3201 3883 3427 3989 ipsius
3450 3884 3598 3965 ser-

880 4005 1073 4068 vatae
1094 3986 1338 4070 Cellae
1380 3985 1648 4089 parieti
1698 3984 1962 4066 affixa.
2435 4009 2442 4014 ·

1200 4129 1364 4241 Ab
1442 4132 1689 4288 igne
1771 4178 1985 4247 non
2067 4166 2477 4292 poterat
2558 4069 3227 4252 exterminari

1786 4298 2814 4456 MDCCXVR”

744 4458 751 4472 ,
2935 4443 2950 4472 f
3173 4467 3206 4488 ι.

716 4513 725 4524 ’
790 4477 881 4600 ’ἦ
2451 4531 2474 4548 “
2527 4599 2534 4606 ⁸
3132 4487 3138 4492 ⁷
3267 4499 3507 4588 Brevi
