3884 5342
954 349 1139 487 *68
1525 396 2991 480 ΒεΜοΝΑετ-ειῐο

900 550 1003 630 ris
1055 547 1400 632 Ecclefiae
1454 546 1971 641 deduxerunt,
2023 542 2246 644 atque
2288 542 2705 624 Canonicis
2727 538 3203 622 Secularibus
3253 540 3581 630 &Geor-

893 651 1003 750 gii
1058 653 1141 729 in
1195 650 1392 749 Alga
1448 647 1943 726 Venetiarum
2023 667 2385 745 perpetuo
2455 647 2961 725 excolendum
3014 646 3582 729 concesserunt.

895 754 1095 830 Rem
1148 777 1192 826 a
1245 749 1631 849 Stephano
1698 749 1790 827 de
1842 746 2194 826 Carraria
2245 745 2622 846 Episcopo
2672 744 3040 823 Patavino
3088 744 3580 847 inchoatam,

889 871 1116 952 atque
1220 848 1567 928 erfefflam
1594 874 1629 946 ‚·
1673 848 2048 927 ordinaria
2100 846 2370 927 deinde
2414 846 2874 926 authoritate
2912 845 3393 925 confirmavit
3446 850 3579 931 Al-

888 952 1130 1029 banus
1255 951 1594 1051 piscopus
1647 951 2003 1030 successor
2043 1005 2071 1046 ,
2144 972 2368 1050 atque
2419 948 2504 1026 in
2557 946 2895 1048 publicas
2969 946 3258 1025 tabulas
3331 949 3575 1049 redigi

824 1051 1327 1147 ‘mandavit5
1372 1076 1580 1130 anno
1631 1051 2056 1130 Mccccvt.
2108 1049 2232 1128 die
2285 1071 2426 1127 ΧΗ.
2481 1046 2746 1128 mensis
2795 1044 3028 1161 Iulii,
3081 1071 3395 1162 eamque
3449 1075 3577 1150 po-

884 1149 1033 1229 stea
1086 1176 1289 1230 anno
1310 1152 1799 1230 Mccccvm.
1854 1150 2310 1252 Apostolicae
2361 1147 2919 1251 approbationis
2971 1148 3400 1227 munimine
3465 1176 3578 1229 ra-

883 1271 1043 1329 tam
1095 1255 1232 1330 esse
1286 1253 1619 1331 decrevit
1672 1252 2085 1357 Gregorius
2141 1250 2536 1345 Pontifex,
2584 1248 2717 1350 qui
2770 1274 2863 1326 eo
2917 1268 3254 1347 tempore
3306 1250 3398 1326 ad
3434 1251 3578 1351 Ur·

879 1352 1056 1430 bem
1113 1352 1676 1433 Ariminensem
1732 1380 1866 1454 pro
1918 1352 2244 1431 illorum'
2285 1373 2720 1451 temporum
2772 1348 3198 1427 calamitate
3251 1349 3572 1431 diverte-

870 1473 998 1531 -rat
1040 1511 1059 1531 .
1115 1453 1577 1555 Episcopalis
1626 1452 2170 1550 conceffionis',
2217 1449 2770 1553 &Apostolicae
2807 1447 3408 1529 confirmationis
3432 1451 3570 1530 Di-

870 1553 1210 1653 plomata
1282 1556 1505 1634 refert
1555 1556 1707 1654 Jac.
1763 1554 1959 1632 Phil.
2019 1552 2469 1633 Tomafinus
2519 1552 2605 1629 in
2655 1552 2933 1629 Annal.
2979 1574 3139 1649 pag.
3193 1579 3304 1650 54
3349 1550 3564 1650 8158.

875 1654 1012 1731 ubi
1066 1657 1261 1734 inter
1310 1655 1750 1735 Canonicos
1806 1654 2303 1754 Praepofiturae
2355 1650 2779 1753 &Ioannis
2830 1649 3222 1751 aflignatos
3274 1649 3576 1734 Divum

869 1753 1365 1835 Laurentium
1422 1754 1921 1855 Iustinianum
1977 1757 2354 1834 recenset.
3443 1821 3457 1835 .

970 1857 1184 1949 Dum
1244 1858 1401 1933 haec
1456 1877 1833 1955 aguntur,
1886 1856 2298 1956 Gregorius
2355 1854 2704 1934 Pontifex
2757 1882 2929 1936 cum
2980 1873 3345 1956 nepotum
3400 1854 3561 1935 offi-

869 1954 989 2033 cia
1042 1957 1132 2033 ad
1189 1955 1536 2035 Ecclefiae
1590 1957 1937 2057 regimen
1986 1957 2254 2053 utilia,
2305 1958 2824 2058 &opportuna
2877 1956 3011 2035 fibi
3064 1956 3564 2055 exexperien-

866 2056 978 2132 tia
1029 2057 1396 2156 probasset
1436 2113 1463 2154 ,
1535 2058 1964 2137 Antonium
2021 2057 2510 2138 Patriarchali
2564 2057 3419 2159 Constantinopolitano
3473 2056 3563 2135 ti-

862 2157 1035 2235 tulo
1087 2158 1297 2236 auxit
1338 2182 1366 2254 ι,
1419 2159 1857 2238 Gabrielem
1911 2185 2093 2238 vero
2135 2157 2825 2238 'Prothonotarium
2873 2158 3402 2259 Apostolicum
3457 2176 3562 2236 at·

860 2282 1009 2356 que
1064 2260 1133 2335 S.
1158 2262 1251 2337 R.
1280 2261 1365 2336 E.
1426 2258 2015 2339 Thesaurarium
2069 2260 2532 2355 declaravit,
2585 2285 2772 2359 quos
2820 2259 3093 2339 deinde
3149 2284 3305 2338 non
3359 2260 3558 2337 mul-

864 2378 953 2433 to
1007 2360 1166 2458 post
1209 2362 1278 2437 S.
1301 2363 1397 2436 R.
1421 2360 1767 2461 Ecclesiae
1811 2361 2347 2442 Cardinalinm
2397 2359 2763 2459 Collegio
2814 2359 3381 2439 adnumeravit.
3434 2360 3557 2437 Ex

855 2455 957 2536 iis
1008 2461 1323 2540 Gabriel
1370 2482 1773 2561 antequam
1797 2463 2298 2542 Cardinalatu
2350 2481 2745 2541 ornaretur
2797 2461 3075 2540 veteris
3126 2460 3556 2540 dileffioni's

852 2582 1203 2658 memor,
1253 2588 1399 2663 qua
1453 2563 1658 2641 suam
1683 2566 1753 2641 S.
1779 2563 2093 2667 Georgii
2115 2561 2819 2668 Congregationem
2873 2561 3556 2665 prosequutus-fue-

853 2679 1018 2758 rat,
1070 2688 1245 2742 cum
1288 2666 1630 2744 aPatruo
1654 2669 2069 2769 Pontifice,
2107 2668 2241 2772 qui
2285 2667 2442 2769 ejus
2495 2668 2853 2771 pietatem
2897 2670 3270 2761 noverat,
3326 2664 3553 2767 pluri-

852 2761 997 2841 bus
1047 2764 1289 2844 suisset
1342 2767 1847 2849 ecclesiasticis
1904 2771 2289 2851 beneficiis
2342 2772 2820 2866 cumulum,
2874 2766 3292 2849 Prioratum
3328 2767 3553 2867 saecu-

842 2855 1028 2940 laris
1078 2866 1176 2943 <9⁹
1228 2859 1633 2966 collegiatae
1681 2865 2015 2974 Ecclefiae
2055 2882 2128 2950 S.
2171 2867 2567 2974 Augustini
2604 2893 2815 2949 extra
2856 2872 3150 2948 Urbem
3175 2867 3551 2947 Vicentiae

837 2962 1161 3062 positum
1213 3022 1240 3060 ,
1287 2966 1407 3046 cui
1449 2965 1626 3047 obim
1669 2971 2046 3052 Prioratus
2084 2982 2212 3050 SS.
2250 2970 2494 3050 Firmi
2530 3028 2557 3069 ,
2607 2974 2707 3051 (Τ
2726 2967 3006 3074 Rustici
3044 2966 3135 3048 de
3172 2966 3476 3048 Leonico
3518 3021 3548 3064 ,

837 3076 1039 3141 tunc:
1054 3063 1346 3145 Ordinis
1366 3078 1439 3146 5.
1458 3071 1867 3164 Beneficii,
1892 3072 2239 3153 canonice
2285 3072 2533 3172 fuerat
2582 3071 2832 3151 unitus
2852 3128 2879 3169 ,
2927 3069 3347 3151 Canonicis
3397 3072 3547 3148 Sae-

834 3166 1218 3245 cularibus
1268 3170 1341 3245 S.
1386 3172 1701 3273 Georgii
1781 3176 1858 3254 in
1929 3178 2130 3277 Alga
2189 3174 2693 3253 venetiarum
2767 3173 3005 3252 libere
3056 3169 3456 3272 resignavit
3511 3227 3541 3268 ,

831 3263 1055 3364 eique
1108 3269 1586 3380 Laurentium
1586 3282 1659 3374 J
1662 3274 2114 3378 ustinianum
2149 3271 2260 3353 ade
2281 3273 2600 3354 Veneriis
2642 3273 3143 3380 presbyterum
3196 3264 3546 3385 Castellu-

829 3364 1064 3477 nqnfis
1086 3370 1430 3473 Dtoecests
1477 3372 1659 3453 vitae
1715 3405 1799 3454 ac
1852 3403 2134 3454 morum
2188 3374 2558 3479 honestate
2607 3373 2918 3476 aliisque
2954 3371 3347 3474 probitum
3367 3430 3393 3470 ‚
3442 3371 3544 3452 O*

825 3490 1197 3583 ver-tufum
1250 3473 1532 3553 meritis
1583 3472 2099 3574 multipliciter
2169 3475 2758 3556 commendatum
2813 3478 3088 3577 praefici
3161 3475 3457 3555 curavit
3511 3502 3539 3571 3

823 3591 977 3682 quo
1032 3595 1111 3647 in
1168 3573 1340 3652 loco
1394 3577 1821 3657 solitudinis
1873 3578 2317 3657 amoenitate
2370 3576 3253 3676 jucundiffimosanstum
3283 3577 3540 3657 vitum

816 3667 1169 3750 libellum
1227 3672 1319 3752 de
1353 3673 1761 3775 solitudine
1811 3680 2155 3779 scripfifle
2231 3682 2622 3779 probabile
2675 3681 2778 3758 est
2820 3739 2839 3758 .
2917 3679 3534 3780 Refignationem

815 3767 1252 3883 lqujusmodi
1312 3779 1750 3877 Apostolico
1779 3779 2228 3880 Diplomate
2283 3803 2524 3859 ratam
2580 3781 2852 3860 habuit
2901 3782 3317 3881 Gregorius
3340 3783 3530 3860 Pon-

812 3870 1270 3987 tifex3Senis
1321 3882 1596 3979 degens
1650 3883 1772 3958 die
1827 3905 1966 3958 ΧΠ.
2023 3884 2488 3983 Septembris
2541 3909 2743 3961 anno
2800 3884 3260 3960 Mccccvn.

912 3974 1089 4052 Aha
1142 3979 1375 4056 etiam
1434 3984 2215 4081 suaeCorrgregatio'ni
2263 3984 2637 4064 beneficia
2681 3984 2950 4081 adjecit
2969 3984 3285 4081 Gabriel
3312 3985 3525 4061 Con·

816 4070 1233 4188 dul-metius
1292 4081 1431 4171 iam
1454 4083 1966 4160 Cardinalitia
2019 4085 2435 4183 dignitate,
2487 4085 2708 4164 simul
2761 4094 2938 4163 c'um
2965 4085 3530 4165 Antoniocor-

815 4195 1069 4286 nario,
1126 4180 1570 4280 infignitus,
1622 4183 1982 4280 siquidem
2009 4207 2385 4266 trecentos
2406 4189 2766 4281 ducatos,
2815 4212 3004 4284 quos
3054 4184 3188 4265 fibi
3243 4210 3526 4264 annua·

809 4291 949 4352 tim
1008 4281 1407 4360 solvendos
1463 4285 1543 4359 in
1599 4285 2099 4385 resignatione
2157 4288 2540 4365 Prioratus
2611 4290 2682 4364 S.
2738 4285 3528 4385 Augustini-reserva-

806 4394 1065 4478 verat,
1091 4390 1166 4482 J
1166 4380 1392 4459 oanni
1447 4378 1637 4462 alias
1684 4385 2080 4469 Laurentio
2106 4397 2185 4488 J
2185 4385 2552 4489 ustim'ano
2613 4382 2707 4465 de
2745 4385 3065 4467 Veneriis
3098 4386 3529 4489 Presbytero

3282 4494 3434 4565 cau
