3884 5342
974 56 1031 73 ῥ’

904 331 980 415 S.
1046 310 2356 415 RocH1-Comssssoms.'
2672 356 2830 442 325

292 478 949 565 memorationem·
988 474 1293 580 apponit
1359 473 1475 553 his
1537 473 1846 554 verbis:
1921 476 2108 556 “In
2173 477 2422 558 Gallia
2486 478 2963 562 Narbonenfi

294 638 349 681 „
394 580 596 682 apud
649 582 1009 660 Montem
1064 578 1533 657 Peffulanum
1597 574 1968 678 depolitio,
2004 577 2221 656 Beati
2264 579 2516 659 Rochi
2577 582 2968 662 ConfeffO«

294 741 350 782 „
394 685 554 779 ris,
606 683 736 782 qui
780 682 1058 761 multas
1081 679 1315 758 Italiae
1360 679 1583 757 urbes
1632 703 1677 755 a
1717 680 1988 758 morbo
2029 678 2417 780 epidemiae
2473 682 2679 782 ligno
2720 684 2967 765 crucis

295 840 354 882 „
407 783 800 863 liberavit:
853 781 1065 879 cujus
1103 788 1371 881 corpus
1418 778 1776 857 Venetias
1942 780 2087 858 stea
2151 781 2600 860 translatum
2655 783 2797 862 fuit
2843 843 2861 862 .
2916 787 2972 831 ‘⁶

292 888 469 966 Nec
512 883 917 962 Batonium
971 880 1525 980 tantummodoa
1558 881 1837 958 Mauro
1873 881 2126 977 icum,
2177 880 2642 962 Galelinium
2687 938 2713 977 ,
2765 884 2984 965 alios·

297 1013 448 1087 que
500 983 821 1063 eximios
874 983 1455 1084 Hagiographos
1494 1035 1522 1077 ,
1570 981 1693 1058 seu
1737 982 2225 1082 Cronologos
2267 1036 2293 1079 ,
2346 985 2466 1061 sed
2529 985 2604 1061 81
2639 985 2983 1065 Gallicos

298 1084 1030 1188 quoqueScriptores
1073 1085 1507 1179 latuerunt,
1555 1104 1899 1183 quorumr
1928 1107 2124 1162 unus
2169 1082 2448 1184 pietate
2490 1106 2644 1162 non
2683 1083 2986 1184 minus,

303 1213 531 1288 quam
597 1187 841 1265 titulis
904 1184 1211 1264 illustris
1249 1187 1570 1285 Joannes
1631 1183 1859 1263 Pinus
1902 1176 2330 1264 Tolosanus
2370 1186 2686 1263 Senator
2724 1239 2750 1282 ,
2802 1187 2987 1266 dum

311 1287 662 1367 Venetiis
705 1288 1006 1386 degeret
1047 1340 1075 1383 ,
1144 1286 1218 1364 δε
1259 1285 1540 1365 Gallici
1581 1286 1813 1385 Regis
1875 1286 2069 1387 apud
2111 1285 2696 1386 Rempublicam
2739 1288 2988 1366 Vene-

313 1414 473 1468 tam
519 1392 842 1483 Orator,
902 1411 1037 1487 pro
1076 1412 1207 1482 ea,
1259 1412 1406 1487 qua
1450 1384 1749 1465 Divum
1794 1389 2153 1465 Rochum
2197 1388 2780 1487 prosequebatur
2820 1441 2845 1483 ,
2898 1408 2987 1467 ut
3061 1386 3076 1397 “

312 1491 472 1591 ipse
517 1487 791 1567 fatetur
834 1486 1124 1568 summa
1165 1487 1657 1567 veneratione
1719 1485 1941 1587 ipsius
1984 1487 2222 1567 vitam
2268 1487 2759 1567 concinnavit
2801 1542 2829 1584 ,
2880 1508 2989 1568 at·

312 1586 477 1692 que'
530 1588 737 1690 typis
767 1587 1175 1668 Alexandri
1241 1592 1330 1667 de
1374 1587 1735 1668 Bindonis
1777 1613 1982 1668 anno
2029 1589 2381 1667 Mnxvn.
2437 1590 2732 1689 vulgari
2786 1614 2993 1669 cura-

316 1691 482 1786 vit,
530 1716 697 1791 quae
736 1689 966 1769 etiam
1033 1690 1299 1771 eodem
1365 1717 1567 1770 anno
1611 1688 1899 1769 Parisiis
1994 1690 2218 1770 rodiit
2265 1715 2393 1791 per
2432 1690 2803 1790 Jodocum
2858 1690 2991 1768 Ba·

315 1793 574 1872 dium.
627 1791 1099 1871 Clariffimus
1152 1793 1287 1870 Vir
1348 1791 1734 1893 postquam
1799 1716 2226 1870 sangriffimi
2273 1791 2649 1892 peregrini
2687 1788 2994 1869 mirabi-

311 1895 420 1973 lia
459 1891 697 1994 gesta,
745 1892 821 1970 &
867 1893 1266 1993 pretiosam
1309 1915 1634 1972 mortem
1678 1892 2017 1972 exaravit
2062 1948 2088 1989 ,
2159 1891 2639 1993 magnificam
2695 1913 2998 1994 quoque

307 1993 594 2075 funeris
646 2018 1049 2094 pompam,
1099 1996 1173 2073 8<
1224 1987 1552 2093 amplum
1605 1993 1674 2073 ei
1727 1996 1826 2072 Θ
1876 1987 2297 2093 opulentum
2334 1987 2729 2090 Templum
2767 2017 3002 2089 enun-

315 2096 518 2191 ciat,
569 2093 836 2173 deinde
884 2095 1087 2174 addit
1127 2124 1144 2173 ε
1198 2098 1251 2140 “
1278 2099 1368 2174 ln
1414 2095 1555 2174 hac
1598 2095 1908 2194 antiqua
1949 2095 2187 2173 nobili
2230 2096 2305 2172 8<
2348 2095 2709 2194 opulenta
2754 2096 3003 2171 Vene-

316 2252 373 2296 „
425 2217 502 2275 ta
546 2196 730 2274 urbe
774 2196 919 2276 hoc
958 2196 1487 2276 sanffiffimum
1533 2220 1801 2298 corpus
1842 2195 2041 2274 miro
2081 2196 2156 2275 &
2197 2194 2630 2275 incredibili
2670 2194 3002 2296 quodam

321 2330 379 2395 „⁴
425 2297 720 2378 civium
762 2298 1109 2397 omniurn
1152 2296 1397 2375 studio
1435 2317 1662 2399 atque
1705 2296 1960 2375 favore
1998 2295 2282 2375 colitur
2321 2350 2347 2392 ,
2399 2320 2535 2375 nec
2578 2294 2684 2373 est
2721 2350 2747 2391 ,
2800 2292 3005 2396 quod

320 2453 376 2496 ,‚
426 2398 848 2479 innumeris
891 2397 1047 2495 ejus
1091 2399 1522 2479 enarrandis
1545 2396 1929 2478 miraculis
1957 2396 2332 2478 verbofius
2355 2395 2706 2497 occupari
2727 2395 3010 2476 velim.

432 2497 988 2580 Translationis
1035 2502 1350 2580 Venetae
1394 2522 1690 2602 tempus
1731 2501 1803 2579 8<
1849 2525 2202 2601 pompam
2243 2499 2465 2578 refert
2488 2500 2810 2598 Jacobus
2837 2493 3010 2575 Phi-

328 2600 577 2704 lippus
630 2600 1145 2701 Bergomenfis
1198 2602 1289 2680 in
1324 2602 1849 2702 supplemento
1890 2601 2517 2680 Chronicorum:
2572 2601 2628 2644 “
2666 2598 2846 2697 Ejus
2888 2621 3012 2673 au-

333 2757 390 2799 „
440 2724 593 2780 tem
635 2706 659 2797 (
704 2701 954 2780 Rochi
996 2704 1021 2798 )
1066 2701 1397 2779 sanetum
1442 2727 1721 2799 corpus·
1758 2701 1904 2778 hoc
1928 2725 2180 2795 anno,
2231 2699 2364 2800 qui
2388 2699 2490 2777 est
2517 2699 3011 2776 MCDLxxxv.

338 2851 397 2894 „
447 2797 805 2876 Venetias
847 2824 889 2876 a
929 2800 1380 2901 quibusdam
1425 2800 1686 2877 furtim
1754 2800 2088 2877 delatum
2130 2852 2156 2892 ,
2210 2825 2252 2876 a
2292 2801 2574 2876 Senatu
2619 2800 2695 2876 8<
2737 2794 3014 2875 cune'to

335 2918 394 2995 „
444 2896 726 2999 populo
765 2917 972 2977 tanta
1033 2922 1211 2978 cum
1270 2899 1681 2978 devotione
1724 2898 1799 2976 &
1838 2900 2080 3000 gloria
2117 2919 2519 2999 exceptum
2563 2898 2667 2979 est
2706 2952 2732 2993 ,
2783 2920 3018 2997 quan-

335 3052 396 3096 „
445 3018 601 3076 tam
644 2996 812 3097 quis
864 2997 1177 3099 scriptor
1217 3024 1564 3080 enarrare
1625 3000 1851 3100 poffet
1894 3028 1913 3077 z
1968 3000 2214 3077 eidem
2274 2999 2481 3079 enim
2543 2997 2786 3077 statim
2834 3018 3017 3077 tem-

342 3153 398 3196 „
450 3098 665 3199 plum
708 3099 1289 3179 celeberrimum
1336 3100 1631 3202 ingenti
1670 3101 2004 3202 impensa
2045 3098 2468 3180 construere
2509 3119 2903 3200 coeperunt
2928 3155 2947 3175 .

447 3199 663 3303 Adde
705 3253 733 3294 ,
803 3224 968 3299 quae
1035 3225 1129 3278 ex
1170 3201 1532 3302 Ciapetto
1599 3227 1757 3301 pag.
1810 3231 1838 3279 1
1898 3231 1968 3299 7.
2025 3200 2354 3280 afferunt
2417 3200 2823 3303 Biographi
2872 3202 3024 3277 An·

344 3299 805 3400 tuerpienses
847 3303 1139 3401 Regem
1218 3327 1488 3403 nempe
1532 3303 1804 3381 Galliae
1912 3303 2327 3382 udovicum
2372 3357 2398 3397 ,
2454 3328 2582 3401 per
2645 3321 3027 3380 oratorem

340 3400 563 3478 suum
606 3401 949 3480 Venetiis
993 3401 1503 3502 fragmentum
1566 3402 1732 3482 offis
1774 3402 2176 3482 obtinuisse
2220 3462 2237 3480 .
2317 3404 2540 3482 Plura
2580 3400 2778 3502 apud
2820 3403 2898 3479 su
2958 3424 3035 3479 ra

346 3499 687 3580 laudatos
728 3500 1209 3581 Bollandiani
1271 3505 1517 3604 operis
1576 3503 2142 3583 continuatores
2208 3503 2463 3581 videre
2527 3501 2631 3580 est
2696 3503 2780 3580 in
2821 3506 2885 3580 Ἀ
2971 3500 3032 3578 is

344 3602 453 3679 D.
479 3599 732 3680 Rochi
777 3601 1006 3681 Tom.
1051 3606 1187 3681 ΙΙΙ.
1236 3602 1597 3705 Augusti.
1640 3606 1741 3681 N
3031 3646 3032 3649 κ

368 3709 377 3716 “
446 3702 724 3780 Praeter
786 3702 1000 3804 supra
1045 3705 1431 3783 laudatum
1496 3706 1866 3804 Ioannem
1938 3703 2211 3783 Pinum
2277 3702 2663 3783 Gallicum
2729 3701 3035 3780 Senato-

348 3827 569 3899 rem,
621 3804 966 3883 Venetus
1007 3830 1308 3905 quoque
1354 3808 1670 3885 Senator
1708 3804 2148 3884 Franciscus
2187 3802 2478 3884 Diedus
2523 3801 2813 3882 Dostor
2861 3800 3035 3880 Phi-

352 3902 757 4005 losophus,
809 3905 883 3983 8<
920 3906 1340 4005 JuridicuS,
1393 3911 1572 3985 dum
1622 3907 1892 3985 Brixiae
1938 3931 2070 4005 pro
2101 3909 2389 3985 Veneta
2416 3904 2832 4006 Republica
2856 3904 3048 3983 Prae.

347 4005 542 4087 toris
596 4030 912 4088 munere
953 4006 1393 4108 fungeretur
1454 4009 1933 4089 admirabiles
1978 4010 2078 4086 D.
2123 4007 2378 4086 Rochi
2422 4009 2738 4086 virtutes
2781 4060 2806 4098 ,
2858 4003 3041 4097 ejus-

416 4131 505 4182 ue
551 4108 886 4210 prodigia
932 4107 1139 4210 figno
1179 4108 1456 4190 Crucis
1500 4130 1837 4211 patrata,
1887 4107 2263 4208 angustias
2305 4133 2604 4213 quoque
2642 4106 2716 4185 8<
2753 4102 3043 4181 sanetis-

424 4230 620 4284 mam
680 4231 1006 4291 mortem
1059 4209 1338 4291 litteris
1390 4210 2007 4289 commendavit.

470 4308 1027 4411 Sepulchrum,
1076 4314 1279 4416 quod
1336 4312 1436 4392 D.
1490 4313 1767 4393 Rocho
1841 4313 1932 4390 ad
1985 4336 2187 4391 aram
2242 4309 2664 4416 principem
2719 4301 3042 4481 exgiesle-
3099 4336 3104 4337 f
