3884 5342
763 443 839 520 S.
907 436 1395 558 Ntcota‘r
1462 427 1589 519 οὲ
1653 439 2375 528 Touana-tuo.
2629 455 2795 554 ‘217

250 585 650 669 msterium
691 641 719 686 ,
788 588 989 688 quod
1042 610 1224 668 tunc
1282 590 1582 690 regebat
1624 644 1651 684 ,
1723 588 2081 690 ingressus
2134 591 2236 670 est
2278 648 2304 689 ,
2377 591 2453 670 in
2510 593 2919 674 Ecclesiam

247 687 645 789 Religiofis
719 688 1073 768 omnibus
1143 689 1709 789 insequentibus
1761 685 1831 769 se
1880 694 2217 771 contulit
2259 748 2285 789 ,
2357 693 2614 794 ibique
2664 720 2923 774 coram

239 788 776 889 Augustisfitno
827 790 1313 879 Eucharistiae
1366 791 1898 888 Sacramenm,
1949 802 2063 872 Te
2083 801 2329 874 Deum
2379 787 2769 872 laudamus
2810 793 2925 872 de-

243 887 592 968 cantavit
628 945 654 986 ,
725 892 899 969 Deo
951 891 1422 971 immortales
1471 890 1767 971 asturus
1815 893 2094 993 gratias
2141 949 2168 990 ,
2241 896 2443 994 quod
2498 895 2570 973 se
2624 897 2721 972 ab
2788 901 2925 972 Ar-

223 991 840 1167 chi-{Fiscopatus
887 990 1262 1094 dignitate
1303 1048 1330 1089 ,
1379 990 1579 1092 quafi
1630 1017 1674 1070 a
1725 993 2020 1074 summo
2072 995 2249 1076 vitae
2301 994 2735 1074 discrimine
2785 993 2928 1072 eri-

294 1117 366 1170 m
430 1112 548 1169 et.

239 1116 290 1192 p
336 1193 456 1269 Ex
512 1212 696 1273 tunc
748 1193 1072 1273 Antonii
1132 1193 1449 1274 Abbatis
1502 1194 1943 1277 Sanffiffimi
1992 1189 2265 1277 'dufius
2316 1195 2715 1297 exemplo,
2765 1194 2928 1274 fiin

238 1291 570 1394 aliquem
627 1294 996 1373 incidiffet
1049 1298 1508 1397 Episcopum
1549 1352 1576 1393 ,
1646 1298 1874 1377 etiam
1931 1298 2014 1377 in
2068 1298 2335 1399 plateis
2375 1351 2402 1395 ,
2478 1295 2929 1376 benedifiiio-

235 1419 414 1478 nem
473 1393 694 1473 flexis
746 1395 1064 1493 genibus
1140 1401 1237 1475 ab
1308 1421 1402 1475 eo
1452 1399 1961 1477 contendebat
2005 1453 2032 1492 ‚
2106 1401 2354 1484 denuo
2428 1397 2698 1498 gratias
2751 1395 2930 1473 Deo

230 1494 657 1590 exhibens,
707 1497 911 1600 quod¹
962 1522 1056 1576 eo
1107 1521 1467 1591 munere,
1517 1522 1670 1598 quo
1699 1498 2199 1597 seindignum
2221 1496 2739 1591 existimabat,
2793 1495 2931 1572 mi-

228 1594 446 1672 nime
500 1593 980 1695 fungeretur.
1038 1600 1250 1676 ldem'
1305 1594 1684 1697 praestabat
1750 1623 1925 1699 erga
1985 1598 2332 1677 Praelatos
2382 1596 2513 1675 fibi
2588 1596 2671 1673 in
2722 1596 2937 1673 Con:

229 1716 513 1773 ventus
563 1695 939 1794 regimine
991 1697 1472 1778 succedentes
1508 1753 1535 1794 ,
1588 1726 1629 1778 a
1680 1699 1957 1799 quibus
2011 1696 2618 1778 benediffionem
2642 1695 2932 1774 summa

227 1794 679 1874 humilitate
731 1796 933 1911 quasi
986 1799 1350 1880 Nov'itius
1398 1798 1864 1900 postulabat.

331 1894 791 1976 Humilitan
845 1921 1237 2000 paupertas
1276 1955 1302 1994 ,
1354 1925 1580 2003 quam
1642 1898 2206 1979 Theatinorum
2265 1897 2478 1977 Ordo
2530 1896 2755 1976 unice
2806 1917 2933 1972 co-

224 1994 368 2093 lit,
420 1996 682 2076 amico
733 1995 1011 2080 foede're
1063 2002 1504 2101 copulatur.
1558 2001 1777 2079 Illius
1829 2025 2012 2101 ergo
2064 2000 2169 2077 ita
2190 2000 2517 2099 Ioannes
2538 1999 2710 2076 zelo
2730 2017 2932 2073 exar-

223 2099 363 2196 fit,
417 2099 720 2202 suisque
771 2099 1156 2180 suadenda:
1211 2101 1336 2180 fic·
1361 2100 1969 2196 studiosus·suit,
2021 2120 2105 2178 ut
2161 2100 2418 2178 nullus
2462 2124 2591 2198 per
2630 2099 2707 2175 id
2753 2118 2936 2175 tem-

227 2199 435 2302 poris
510 2201 968 2301 paupertatis
1038 2202 1413 2281 amantior
1484 2200 1893 2297 extiterit,
1966 2198 2257 2279 Christi
2323 2197 2651 2279 Domini
2706 2196 2936 2276 verba

226 2326 848 2382 commemorans
901 2321 934 2381 ε’
973 2300 1193 2380 Beati
1231 2323 1582 2399 pauperes
1615 2299 1892 2418 spiritu
1930 2356 1958 2399 ,
2030 2297 2381 2401 quoniam
2452 2296 2766 2398 ipsorum
2835 2298 2939 2394 est

223 2410 580 2497 Regnum
631 2393 1038 2481 Coeloru'm.
1094 2406 1288 2482 Non
1333 2403 1557 2482 semel
1619 2407 1818 2482 idem
1874 2404 2231 2482 Servator
2253 2401 2615 2504 Optimus
2668 2397 2789 2478 illi
2829 2398 2935 2474 ob

219 2502 507 2582 oculos
563 2503 992 2602 proposuit,
1045 2530 1248 2584 nunc
1301 2526 1820 2606 paupertatem
1862 2561 1889 2600 ,
1940 2529 2167 2620 quam
2225 2499 2767 2583 Bethleemicis
2819 2519 2938 2575 exa

223 2624 494 2704 pertus
547 2603 651 2682 est
706 2604 781 2681 in
838 2608 1238 2685 cunabulis
1289 2632 1314 2699 t,
1370 2631 1574 2685 nunc
1625 2631 1774 2707 qua
1827 2608 2027 2684 vixit
2078 2607 2274 2707 apud
2331 2607 2726 2684 Parentem
2784 2599 2941 2676 san·

223 2702 689 2798 Ciminiam,
731 2706 1198 2805 puriffirnurn
1257 2731 1352 2783 ue
1373 2705 1582 2785 illius
1607 2707 1955 2804 sponsum
1982 2704 2307 2803 Joseph3
2358 2730 2443 2782 ac
2469 2703 2772 2781 tandem
2796 2723 2944 2800 qua

217 2806 315 2888 in
339 2804 1076 2883 Crucearnilitibus
1120 2830 1214 2880 ve
1280 2832 1320 2881 e
1365 2806 1724 2902 spoliatus
1774 2803 2190 2902 expiravit:
2243 2803 2518 2901 quibus
2570 2801 2942 2912 spec’tacu·

219 2903 329 2981 lis
388 2900 927 2978 vehementius
980 2903 1072 2980 ad
1125 2903 1334 2980 illius
1385 2900 1833 2980 imitandam
1887 2921 2404 3001 paupertatem
2457 2898 2805 2979 incensus
2830 2921 2942 2974 nr·

217 3000 352 3084 hil
410 3020 683 3098 praeter
734 3002 1068 3082 Crucem
1126 3001 1207 3080 in
1261 3001 1401 3080 hac
1457 3001 1615 3079 vita
1667 3022 2057 3102 exoptaret
2098 3028 2123 3094 3
2172 3027 2404 3102 quare
2457 3023 2734 3100 magna
2784 2996 2943 3075 affi-

215 3101 589 3184 ciebatur
641 3098 949 3195 laetitia,
999 3102 1204 3202 quod
1260 3104 1458 3183 sacra
1504 3100 2069 3182 Theatinorum
2120 3100 2412 3200 ,familia
2465 3124 2769 3184 crucem
2824 3122 2944 3199 ge·

220 3223 436 3288 reret
495 3224 636 3298 pro
688 3199 1117 3281 stemmate;
1319 3265 1328 3274 ,
1679 3228 1690 3242 ,
2146 3233 2155 3246 ·
2734 3217 2753 3234 ⁸

329 3299 957 3401 Superfluitatern
1014 3329 1171 3384 non
1213 3304 1448 3384 modo
1488 3308 1755 3386 exosus
1799 3306 1950 3403 est,
2004 3330 2272 3386 verum
2312 3303 2546 3384 etiam
2586 3300 2729 3398 iis,
2779 3321 2944 3416 quar

223 3401 643 3498 necessaria
696 3403 1196 3501 videbantur,
1248 3427 1406 3486 tam
1459 3432 1680 3508 parce
1736 3410 2140 3502 utebatur,
2192 3427 2277 3485 ut
2330 3405 2694 3485 omnibus
2715 3401 2943 3479 admt·
3066 3483 3073 3506 Ι

224 3505 624 3587 rationem
680 3501 1070 3602 iniecerit,
1176 3510 1510 3586 uomodo
1568 3508 1806 3586 vitam
1855 3508 2255 3607 transigere
2278 3507 2511 3606 posset
2537 3521 2746 3582 tanta
2767 3523 2948 3580 cum

229 3602 698 3709 parsimonia
731 3660 748 3680 .
807 3607 991 3685 Non
1048 3606 1184 3686 nil
1240 3610 1338 3685 ab
1387 3607 1557 3687 aliis
1609 3606 1893 3707 abjeffia
1932 3662 1959 3703 ,
2031 3631 2207 3685 cum
2267 3603 2693 3683 neceffitate
2745 3623 2952 3714 com·

227 3706 705 3809 pelleretur,
758 3708 1246 3788 admittebat.
1301 3710 1396 3788 In
1447 3711 1740 3788 mundo
1793 3735 1931 3787 nos
1976 3708 2113 3784 esse
2136 3703 2575 3798 diffitabat,
2618 3697 2827 3818 quasi
2870 3722 2955 3777 tn

224 3806 666 3887 diversorio
717 3805 799 3884 in
852 3808 1136 3888 coelum
1193 3809 1751 3889 iter‘facientes
1792 3863 1819 3906 ,
1893 3809 2231 3909 adeoque
2288 3829 2504 3906 parce
2561 3804 2687 3881 h1c
2743 3821 2953 3879 uten-
3032 3841 3035 3844 ·

220 3911 416 3992 dum
475 3909 755 4004 rebus,
806 3933 980 3986 narn
1035 3933 1188 4008 quo
1241 3910 1404 4009 plus
1453 3912 1557 3988 in·
1597 3911 1744 3990 hoc
1797 3908 2088 3988 mundo
2141 3906 2311 4009 quis
2363 3904 2801 4006 accepisset,
2848 3925 2949 3981 eo

220 4012 398 4113 plus
454 4010 564 4089 ab
617 4033 711 4090 eo
761 4009 1039 4086 effe=in
1093 4008 1246 4090 alio
1291 4011 1749 4109 exigendum
1791 4035 1816 4088 ’.
1871 4011 1986 4088 :In
2009 4009 2418 4109 Religione
2469 4007 2820 4085 afferebat
2874 4001 2952 4079 8<

220 4133 511 4213 parum
569 4110 982 4190 tenendum
1037 4111 1351 4206 effe-s&
1376 4112 1750 4190 multum:
1805 4131 2073 4214 parum
2127 4132 2401 4210 nempe
2425 4129 2738 4200 eorum,
2787 4123 2953 4201 quae

220 4211 484 4289 vitam
548 4210 808 4308 juvant
863 4213 1363 4311 temporalem
1409 4265 1434 4306 ,
1487 4211 1810 4311 Spiritus
1861 4235 2051 4289 vero
2104 4213 2438 4290 multum
2485 4266 2503 4285 .
2554 4205 2870 4285 Cellula
2923 4253 2952 4298 ‚

223 4310 538 4406 vesteS,
591 4310 665 4386 8<
715 4311 1073 4413 quicquid
1127 4315 1217 4391 ad
1273 4313 1486 4392 illius
1535 4312 1752 4390 usum
1808 4308 2180 4415 spe&abat
2210 4365 2237 4408 ,
2283 4330 2698 4423 extremam
2744 4301 2956 4381 redo·

233 4412 455 4496 lebat
523 4433 1102 4510 paupertatem:
1135 4413 1432 4496 Adduei
1489 4433 1892 4515 nunquam*
1933 4411 2187 4590 poltzuit
2226 4466 2254 4513 ,
2304 4431 2394 4492 ut
2441 4432 2663 4489 novis
2712 4421 2959 4483 utere·

466 4518 688 4596 Tom.
732 4517 850 4591 VI.
2102 4537 2146 4592 e
2736 4521 2864 4584 tut·
