3884 5342
1001 405 1174 485 224
1473 365 2919 455 DnsMoNAsT-Enro

875 532 1144 628 Quare
1191 551 1234 602 a
1287 519 1768 602 fremin'arnm
1819 517 2255 618 colloquio,
2305 539 2527 621 atque
2579 516 2969 619 congreflh
2986 512 3082 593 fic
3105 511 3551 611 amonuit,

877 652 963 706 ut
1017 653 1172 706 non
1229 622 1364 702 nisi
1416 619 1899 702 confeffiones
1951 643 2447 720 excepturus,
2497 620 2740 698 aliave
2790 621 2885 696 de
2904 619 3169 711 causa,
3219 641 3385 718 que
3409 615 3539 715 spi-

875 728 1068 806 ritus
1115 727 1644 803 emolumento
1695 719 2130 815 inserviret,
2179 746 2355 799 cum
2411 720 2566 800 illis
2606 721 3028 799 sermonem
3078 737 3407 797 texeret.
3456 712 3541 795 si

867 828 1120 922 sorte,
1171 824 1298 922 qui
1360 823 1687 914 valeret,
1736 821 1834 898 ab
1884 821 2134 921 aliqua
2188 824 2639 922 rogabatur,
2688 824 2813 900 vei
2841 823 3178 915 tacebat,
3226 821 3406 914 vel,
3448 831 3543 896 -ut

865 951 1055 1007 cum
1108 925 1200 1001 ad
1255 926 1512 1003 Deum
1568 945 1817 1019 preces
1892 919 2303 1016 funderet,
2379 922 2488 1000 sui
2543 947 2836 1000 memor
2887 924 3109 1014 esset,
3160 944 3196 996 r
3346 923 3473 998 bat
3520 971 3547 998 .
3646 993 3659 998 -

877 1027 1070 1106 Earn
1127 1051 1310 1104 vero
1351 1078 1376 1118 ‚
1426 1021 1635 1113 euius
1687 1021 2030 1100 animum
2105 1023 2187 1100 in
2240 1023 2308 1101 se
2364 1025 2808 1124 propensum
2859 1020 2989 1100 etfi
3048 1023 3202 1099 hun
3306 1045 3350 1098 e
3390 1018 3551 1098 ani-

882 1126 1434 1220 madvertiffet,
1483 1124 1893 1216 monebat,
1948 1145 2029 1198 ut
2052 1148 2388 1201 amorem
2432 1150 2473 1201 a
2516 1127 2736 1202 rebus
2757 1121 3114 1200 omnibus
3140 1139 3555 1200 avocatam

877 1228 1167 1310 unojn
1223 1229 1396 1304 Deo
1447 1226 1916 1302 collocaret.·
1952 1224 2141 1303 Suos
2194 1225 2285 1301 ad
2326 1225 2723 1302 :vitandam
2778 1223 3193 1301 mulierum
3240 1222 3547 1299 familia·

877 1331 1181 1408 ritatem
1227 1381 1255 1421 ‚
1307 1347 1391 1404 ut
1445 1324 1796 1423 exemplo
1845 1324 2321 1422 potiffimum
2363 1378 2389 1420 ‚
2443 1324 2536 1403 fic
2590 1325 2819 1403 etiam
2876 1325 2995 1402 his
3048 1321 3301 1402 verbis
3352 1323 3587 1400 iden--

873 1430 1114 1509 tidem
1167 1428 1646 1506 hortabatur:
1699 1431 1885 1502 Cum
1928 1417 2350 1504 mulieribus
2384 1424 2492 1527 stt
2524 1425 3026 1530 sermovester
3063 1420 3357 1520 brevis,
3389 1447 3575 1523 gro-r

882 1527 1007 1608 vis
1055 1528 1154 1608 <J
1203 1531 1561 1628 austerus.
2565 1587 2577 1598 .

974 1630 1319 1709 Verbum
1373 1652 1530 1705 non
1582 1626 1813 1706 modo
1868 1652 2201 1729 unquam
2257 1628 2621 1729 protulit,
2668 1628 2875 1729 quod
2929 1625 3180 1725 jocum
3224 1627 3553 1729 serpe-ret·⁹

875 1731 1001 1812 sed
1037 1757 1150 1808 ‚ne
1201 1731 1298 1806 ab
1348 1727 1519 1806 aliis
1571 1726 1874 1827 quidem
1952 1729 2289 1828 proferri·
2320 1755 2578 1808 coram
2632 1730 2705 1808 se
2757 1729 3181 1831 patiebatur
3220 1785 3239 1804 .
3316 1729 3549 1827 Quod

876 1830 930 1908 s1
983 1827 1389 1930 prophanis
1439 1829 1532 1906 de
1585 1830 1814 1905 rebus*
1860 1827 2225 1908 incidisset
2281 1830 2522 1909 sermo
2568 1885 2592 1925 ‚
2665 1855 2891 1929 quem
2950 1853 3113 1908 non
3158 1829 3387 1930 posset
3444 1829 3591 1906 in»

873 1931 1234 2030 tercipere
1276 1983 1304 2023 ‚
1375 1926 1457 2006 in
1510 1925 1930 2006 coelestium
2005 1932 2651 2030 contemplatione
2724 1930 3017 2009 defixus
3064 1929 3167 2008 sic
3218 1931 3301 2007 in
3357 1933 3587 2007 exta·‘

867 2029 1004 2108 sim
1057 2029 1486 2131 rapiebatur
1523 2082 1553 2123 .‚
1606 2050 1688 2107 ut
1741 2027 1874 2128 qui
1928 2027 2138 2109 illius
2189 2031 2583 2130 spiritum,
2635 2032 2709 2112 8c
2762 2025 2845 2110 iri
2896 2034 3159 2110 Deum
3200 2053 3545 2109 ‘amorem

865 2130 1245 2211 nescirent
1291 2185 1317 2226 ,
1389 2130 1654 2208 somno
1705 2128 2047 2208 deditum
2098 2131 2489 2213 crederent
2541 2158 2568 2226 3
2637 2157 2815 2212 cum
2869 2133 3089 2235 plane
3138 2131 3386 2211 dulcis
3436 2130 3551 2209 illi

872 2234 1050 2311 effet
1102 2228 1772 2328 contemplationis
1843 2231 2218 2335 somnus,
2287 2243 2443 2333 quo
2494 2233 2653 2331 ejus
2721 2258 2937 2313 mens
3009 2232 3256 2311 veluti
3324 2251 3547 2311 exuta

871 2332 1206 2431 corporis
1259 2330 1582 2410 sensibus
1633 2329 1718 2408 in
1771 2330 1997 2410 unius
2051 2332 2206 2411 Dei
2256 2336 2824 2432 recordatione,
2874 2335 2951 2414 Bt
2998 2334 3358 2435 amplexu
3396 2334 3545 2411 'sua-

879 2432 1168 2528 vissirne
1221 2430 1773 2531 requiescebat.
1988 2470 1995 2480 ·
2570 2499 2573 2506 .

973 2533 1096 2610 Ex
1147 2557 1327 2626 ore,
1375 2558 1462 2611 ac
1517 2551 1682 2610 toto
1736 2557 2047 2633 corpore
2102 2533 2415 2612 odorem
2468 2535 3031 2635 suaviffimum,
3078 2561 3299 2641 quem
3320 2534 3548 2612 emit-

878 2635 1086 2713 tebat
1122 2687 1151 2727 ‚
1201 2658 1245 2711 a
1297 2630 1760 2733 ,virginitatis
1810 2633 1999 2712 flore
2046 2634 2252 2713 haud
2282 2637 2645 2736 alienum
2699 2639 2983 2719 diceres
3024 2695 3044 2714 .
3084 2643 3370 2740 .Quare
3422 2634 3555 2712 vei

875 2736 1048 2834 plus
1102 2733 1180 2812 in
1231 2733 1539 2814 lascivia
1611 2732 1920 2812 inescati
1964 2789 1991 2829 ‚
2062 2735 2116 2813 fi
2164 2739 2470 2836 quando
2542 2737 2634 2816 ad
2706 2762 2885 2818 eum
2938 2742 3376 2820 accederent
3427 2757 3549 2811 ve-

877 2834 1114 2929 stem,
1164 2855 1293 2914 aut
1317 2858 1629 2916 manum
1671 2835 2172 2916 exosculaturi
2201 2890 2230 2933 ‚
2281 2836 2491 2917 illius
2535 2838 2938 2940 fragrantia
2976 2837 3301 2940 permoti
3346 2860 3555 2914 mun-

871 2935 951 3014 di
1005 2936 1418 3017 immundis
1472 2937 1993 3034 voluptatibus
2068 2939 2319 3016 valere
2394 2938 2589 3037 juffis
2640 2940 3041 3020 meliorem
3117 2942 3188 3018 se
3246 2939 3550 3039 recipie-

877 3039 1064 3115 bant
1116 3037 1200 3115 in
1235 3036 1600 3136 ·srugem.·
1648 3039 1817 3114 Nec
1870 3039 2198 3116 mirum:
2250 3039 2542 3118 Christi
2596 3041 2806 3120 enim
2863 3045 3106 3121 bonus
3158 3040 3541 3120 odorcum

876 3139 1051 3214 effer
1079 3137 1450 3234 JoanneS,
1503 3137 1597 3216 ad
1615 3135 2015 3217 Christum
2068 3139 2363 3224 suomet
2414 3142 2647 3222 odore
2704 3142 3053 3223 homines
3105 3143 3400 3223 trahere
3446 3138 3543 3217 fa-

871 3237 1025 3316 cile
1079 3256 1415 3334 poterat.
1689 3309 1696 3316 .

975 3338 1215 3450 {fuere
1267 3336 1400 3437 qui
1452 3336 1827 3419 obscoenis
1897 3342 2450 3426 tentationibus
2502 3345 2929 3449 frequenter
2980 3345 3311 3447 impetiti
3356 3398 3385 3441 ‚
3453 3367 3545 3423 ne

869 3435 1319 3517 levissimam
1374 3438 1681 3554 quidem
1737 3440 1912 3541 passi
1965 3446 2134 3523 sunt
2177 3500 2205 3541 ‚
2276 3448 2667 3549 postquam
2704 3548 2709 3552 Π
2741 3449 2915 3548 ejus-
2950 3449 3171 3527 vestis
3224 3442 3546 3548 particu-

865 3539 1075 3634 lam,
1125 3560 1255 3618 aut
1306 3538 1638 3653 effigiem
1691 3542 1944 3623 secum
1998 3545 2374 3646 gestarunt
2411 3606 2431 3625 .
2508 3550 2740 3628 Illum
2795 3549 3001 3629 enim
3057 3549 3305 3629 adhue
3360 3569 3552 3626 mor-

871 3640 1578 3756 talem-effigiatum
1627 3645 1827 3742 apud
1880 3646 1951 3724 sc
2008 3649 2551 3728 habuerefnon
2605 3650 2822 3751 pauci
2866 3707 2892 3748 ‚
2967 3672 3134 3730 tum
3189 3650 3273 3728 in
3327 3673 3546 3726 vene·

865 3761 1206 3856 ratium}
1255 3764 1850 3823 monumentum
1898 3799 1927 3842 ‚
1997 3765 2169 3825 tum
2242 3748 2475 3826 etiam
2550 3749 2630 3829 in
2706 3754 3072 3852 praeclarae
3142 3746 3544 3829 sanffitatis

867 3865 1371 3941 proeconmm.
1423 3846 1651 3945 Apud
1701 3844 1864 3952 ae’ta
1916 3846 2366 3927 Sanffiorum
2423 3852 2730 3932 Patrum
2757 3855 3542 3932 Theatinorumano·

867 3938 1018 4055 stro
1067 3940 1444 4023 Mandina
1494 3944 1913 4022 Casertano
1984 3947 2358 4049 Episcopo
2423 3952 2742 4032 collecta
2816 3955 3097 4055 legitur
3136 4009 3161 4051 ‚
3236 3948 3544 4053 Virgini

871 4042 1175 4122 cuidam
1227 4044 1534 4143 Joannae
1584 4069 1632 4123 a
1682 4045 1953 4162 Paima·
1992 4049 2313 4130 nornine
2350 4104 2378 4148 ‚
2428 4057 2553 4132 cui
2604 4055 2932 4155 Joannes
2983 4079 3027 4133 a
3078 4050 3550 4135 confeffioni-

870 4144 1010 4224 bus
1059 4143 1348 4240 fuerat,
1397 4147 1995 4244 atquecastrtatts
2020 4171 2290 4232 votum
2314 4154 2678 4250 suaserat,
2730 4158 3082 4235 Satanam
3135 4152 3545 4256 apparuisse

869 4267 1030 4322 non
1075 4244 1353 4359 semel?
1403 4266 1720 4359 eamque
1771 4247 1865 4326 ad
1895 4248 2339 4351 ,impudicos
2391 4254 2597 4336 astus
2653 4257 3147 4336 vehementer
3167 4254 3550 4335 sollicitas·

861 4343 984 4423 se.
1037 4344 1276 4426 Nihil
1307 4344 1995 4430 ›illa-intentatum.
2026 4352 2335 4453 reliquit
2375 4347 2405 4454 ζ
2450 4380 2608 4456 quo
2664 4377 3122 4440 tentatorem
3175 4376 3468 4438 arceret
3519 4406 3547 4451 ,

3359 4479 3449 4537 ac

735 4039 774 4049 *A
