3884 5342
751 326 1042 432 '232
1367 316 2830 402 ΒΕΜοΝΑετ-εκιο

763 470 958 550 seem
1012 462 1368 543 videlicet
1422 483 1802 541 cerearum
1861 460 2276 562 imaginum
2322 518 2349 559 ,
2406 463 2805 546 herbarum
2848 513 2877 556 ,
2929 456 3227 537 funium
3267 509 3296 552 ‚
3346 478 3439 536 ae
3510 549 3519 554 ⁶

757 570 942 651 folia
994 563 1254 671 papyri
1279 559 1687 665 peregrinis
1710 560 2076 665 inscriptae
2099 562 2650 658 characteribus
2670 619 2695 661 ,
2746 585 2911 664 quae
2933 556 3191 638 omnia
3214 558 3435 657 Joan'-

763 696 897 752 nes
934 664 1281 750 comburi
1322 661 1558 758 justit,
1608 662 1937 763 dumque
1962 665 2632 761 comburerentur,
2691 660 3087 742 horribiles
3109 683 3194 738 ac
3220 654 3438 736 verfi·

749 773 1058 853 colores
1113 766 1517 843 vomebant
1570 761 1951 842 flammas.
2013 766 2207 845 Mox
2259 765 2588 845 foeminae
2630 764 3012 865 injunxit,
3066 758 3438 839 ut'anitno

765 869 1220 953 confeffione
1273 861 1572 963 expiato
1623 864 2168 943 Eucharistiam
2224 866 2406 948 susci
2465 863 2666 963 eret,
2718 885 2951 966 utque
3003 857 3445 965 quindecim

772 997 930 1052 non
981 964 1410 1048 intermistis
1461 963 1724 1041 diebus
1749 964 2090 1064 Virginis
2142 965 2391 1062 Sanffi
2451 994 2619 1046 tmae
2670 964 3041 1068 precarios
3096 961 3448 1063 globulos

774 1073 1011 1172 vulgo
1065 1064 1458 1145 Rosarium
1516 1086 2019 1162 percurreret,
2072 1067 2290 1168 seque
2343 1066 2676 1168 promifit
2719 1067 2999 1147 eisdem
3026 1064 3289 1141 diebus
3315 1086 3447 1161 pro
3520 1150 3524 1154 ἢ

778 1199 866 1252 ea
912 1225 939 1268 ,
1005 1189 1228 1268 atque
1284 1164 1561 1243 merito
1634 1166 1726 1243 ad
1782 1166 2036 1243 Deum
2092 1191 2176 1248 ac
2232 1165 2638 1268 Deiparam
2712 1191 2963 1269 preces
3037 1164 3371 1242 fusurum
3426 1216 3446 1236 .

781 1278 969 1374 Quo
1019 1268 1266 1368 elapso
1321 1266 1614 1348 dierum
1670 1265 1912 1364 spatio
1965 1270 2314 1370 praecepit
2372 1269 2725 1349 Daemoni
2769 1324 2796 1364 ,
2847 1267 2980 1370 qui
3033 1292 3126 1345 eo
3183 1260 3452 1362 venefi-

783 1376 909 1454 cio
960 1369 1319 1449 maritum
1374 1368 1469 1444 ab
1523 1366 1778 1445 uxoris
1832 1391 2090 1447 amore
2113 1371 2568 1467 abduxerat,
2621 1392 2704 1466 ut
2756 1368 2827 1448 ei
2884 1369 2955 1447 se
2979 1361 3454 1445 manifestum
3526 1365 3531 1372 ’

787 1471 1231 1563 exhiberet,
1282 1492 1366 1544 ac
1422 1465 1779 1544 miserum
1832 1466 2043 1547 illius
2097 1469 2270 1549 vitae
2322 1469 2591 1548 statum
2647 1472 2746 1549 ob
2791 1469 3057 1549 oculos
3103 1483 3455 1568 poneret.

782 1577 968 1674 Quo
1022 1567 1440 1676 spectaculo
1491 1564 1588 1645 fic
1642 1566 2154 1649 consternatus
2207 1569 2311 1648 est
2368 1571 2599 1649 homo
2643 1627 2668 1667 ,
2736 1593 2822 1648 ut
2876 1569 2987 1648 sui
3042 1591 3191 1669 prae
3247 1566 3461 1644 timo-
3512 1593 3521 1594 f

788 1700 868 1754 re
923 1671 1055 1748 vix
1107 1692 1419 1768 compos
1472 1666 1685 1746 illico
1738 1669 1828 1745 ad
1886 1669 2090 1747 hunc
2145 1670 2501 1749 Sanctum
2555 1669 3029 1772 confugerit,
3085 1689 3170 1746 ut
3219 1662 3459 1746 animi

789 1773 903 1851 sui
958 1774 1226 1849 morbo
1281 1767 1697 1846 remedium
1773 1769 2223 1848 adhiberet.
2298 1772 2501 1849 Eum
2575 1772 2907 1872 graviter
2980 1768 3463 1868 objurgatum

791 1874 885 1952 ad
937 1869 1342 1952 abluendas
1395 1865 1901 1948 Confeffionis
1971 1870 2272 1950 lavacro
2326 1873 2562 1950 animi
2620 1873 2865 1952 sordes
2920 1871 3243 1973 primum
3289 1867 3469 1943 hor·

794 1992 994 2053 tatus
1045 1969 1210 2050 est:
1264 1968 1532 2048 deinde
1591 1968 1682 2046 ad
1735 1969 2282 2072 suscipiendum
2340 1974 2762 2053 Servatoris
2813 1971 3182 2072 Corporis
3234 1966 3470 2046 fercu-

793 2076 1009 2170 lum,
1057 2071 1260 2175 quod
1316 2072 1459 2168 jam
1516 2071 1750 2169 longo
1803 2094 1895 2150 ex
1953 2093 2292 2173 tempore
2343 2074 2739 2153 omiserat.
2794 2074 3101 2252 quibus
3153 2065 3473 2171 peraffis

798 2176 1115 2254 domum
1169 2171 1439 2267 rediit,
1491 2170 1749 2251 uxoris
1800 2171 1980 2250 odio
2034 2171 2114 2249 in
2139 2199 2475 2252 amorem
2532 2176 2791 2271 vers0,
2869 2197 3082 2275 neque
3132 2171 3215 2248 in
3241 2165 3481 2271 poste·

800 2301 973 2356 rum
1028 2272 1224 2352 vixit
1265 2326 1294 2368 ,
1358 2293 1445 2350 ut
1495 2270 1865 2373 fingulare
1937 2272 2172 2353 totius
2229 2275 2528 2356 virtutis
2579 2276 2672 2357 de
2724 2276 2797 2356 se
2850 2274 3206 2355 omnibus
3258 2268 3489 2371 speci·

805 2401 987 2457 men
1040 2372 1516 2453 exhibuerit.
1990 2383 1997 2388 '
3178 2387 3183 2393 ·

906 2473 1271 2555 Homihis
1323 2471 1857 2556 confeffionem
1910 2477 2234 2576 Ioannes
2288 2478 2669 2581 excipiens
2714 2536 2739 2577 ,
2811 2491 2988 2560 eum
3046 2465 3491 2581 penetrandi

805 2575 1151 2660 cordium
1206 2575 1497 2692 secreta·
1537 2575 1740 2653 dono
1791 2577 2164 2675 clareret,
2214 2581 2447 2658 scelus
2492 2584 2855 2685 agnovit,
2905 2580 3108 2683 quod
3145 2569 3495 2656 mrserjl-

810 2677 1018 2759 le·in
1069 2675 1650 2757 confeffiombus
1703 2701 2091 2779 nunquam
2133 2682 2555 2762 detexerat.
2611 2683 2814 2762 Eum
2869 2682 3104 2784 igitur
3150 2678 3494 2756 hortatus

810 2778 917 2861 est
937 2780 1308 2880 Ioannes,
1360 2798 1445 2856 ut
1497 2777 1819 2857 crimina
1873 2780 2266 2879 universa,
2318 2808 2641 2883 quorum
2697 2786 2769 2864 se
2821 2808 3035 2862 reum
3090 2777 3358 2871 sciret,
3401 2772 3501 2851 sa-

812 2899 1100 2960 teretur
1141 2936 1160 2957 .
1232 2879 1379 2990 ‚1¹¹⁶
1433 2903 1616 2957 vero
1668 2879 1973 2960 nullum
2030 2885 2555 2993 praetermistffe
2607 2885 2903 2965 afferuit
2948 2942 2965 2961 .
3043 2882 3273 2959 Tunc
3325 2877 3501 2954 San-

815 2980 980 3061 &us
1023 3009 1040 3058 ε
1097 2978 1246 3057 Aba
1284 3033 1311 3073 ,
1364 2977 1615 3079 inquit
1656 3032 1696 3090 ,⁶
1755 3006 1880 3077 ego
1933 3003 2133 3059 emm
2184 2981 2503 3085 efficiam
2544 3041 2570 3083 ‚
2644 3009 2727 3066 ut
2759 2981 3048 3086 scelera
3099 3005 3232 3060 tua
3266 2978 3504 3076 juxta

818 3077 1055 3179 legem
1110 3106 1158 3153 a
1208 3087 1364 3158 Deo
1405 3081 1903 3191 pyaesqrtptam
1953 3106 2259 3182 expones
2311 3112 2352 3186 ;
2402 3113 2625 3186 quare
2674 3096 2918 3167 Deum
2970 3084 3301 3183 deprecor
3338 3133 3366 3175 ,
3417 3093 3509 3153 ut

822 3189 1208 3263 Daemones
1246 3233 1273 3275 ,
1342 3205 1469 3278 qua
1519 3179 1911 3259 cuminum
1963 3207 2249 3281 tuorum
2284 3180 2670 3288 filentium
2705 3184 3031 3289 suadent
3068 3239 3095 3282 ,
3167 3178 3311 3261 tibi
3344 3177 3512 3279 spe·

828 3277 1128 3394 &undar
1165 3277 1491 3395 quaebeat
1525 3339 1544 3359 .
1597 3281 1943 3364 Discesfit
1997 3285 2233 3366 homo
2274 3343 2301 3385 ,
2352 3313 2396 3367 e
2452 3291 2930 3392 Temploque
2983 3286 3302 3388 egreffus
3353 3303 3515 3361 cur-

826 3405 1000 3461 rum
1055 3381 1250 3460 V1d1t
1302 3381 1705 3497 sulphure,
1755 3410 1842 3465 ac
1894 3388 2223 3468 flammis
2278 3389 2773 3488 horribilem,
2823 3415 3051 3491 quem
3108 3385 3513 3467 trahebant

829 3483 1287 3579 DaemoneS,
1333 3508 1468 3584 qur
1521 3505 1606 3562 ut
1660 3484 1884 3564 illu‘m
1937 3510 2332 3589 raperent,
2382 3511 2606 3592 atque
2663 3493 2740 3570 in
2795 3517 2886 3570 eo
2937 3516 3161 3571 curru
3206 3499 3517 3589 ponere·

831 3605 1003 3678 tur,
1039 3587 1553 3762 'properabant
1596 3642 1616 3662 .
1687 3587 2099 3689 Obstupuit
2153 3590 2439 3687 hom0,
2494 3593 3003 3693 steteruntque
3056 3615 3295 3672 cornae
3340 3643 3367 3684 ,
3437 3583 3515 3662 8<

830 3707 988 3802 vm}
1068 3687 1380 3764 aucxbus
1435 3684 1636 3764 haefit
1690 3713 1716 3780 ς
1784 3687 2089 3788 citoque
2141 3716 2288 3792 prae
2340 3692 2613 3772 timore
2667 3694 2751 3773 in
2807 3695 3222 3794 Templum
3282 3692 3351 3768 se
3402 3710 3519 3763 re·

834 3805 1120 3900 cyprens
1170 3787 1538 3885 Joan'nem
1592 3786 1832 3902 adivit
1874 3843 1900 3882 ,
1951 3789 2099 3890 qui*
2137 3817 2179 3869 a
2232 3794 2408 3871 loco
2448 3850 2474 3889 ‚
2526 3795 2605 3872 in
2657 3821 2810 3897 quo
2864 3793 3377 3895 imperfectam
3432 3783 3519 3863 'tl-

836 3885 988 4001 ltus
1038 3886 1571 4002 confeffionem
1610 3886 1994 3984 audierat,
2040 3917 2197 3971 non
2236 3898 2667 3993 recefferat,
2719 3896 2987 3976 futurae
3012 3893 3349 3974 hominis
3373 3910 3521 3991 poe-

841 4003 1178 4066 nitentlae
1233 3991 1461 4089 probe
1516 4012 1830 4102 gnarus.
1889 3990 2035 4070 Ille
2089 4015 2297 4072 vero¹
2378 3997 2618 4075 rofusa
2669 3999 3239 4099 lachrymarum
3262 3992 3394 4090 vi,
3445 3987 3527 4068 fi-

843 4107 974 4167 cut
1025 4089 1351 4189 Joannes
1405 4088 1892 4202 praeduxerat,
1941 4116 2248 4193 peccata
2335 4123 2427 4177 ua
2460 4098 2622 4178 'rite
2673 4100 3008 4201 aperuit.

911 4299 916 4306 ι
947 4191 1040 4267 In
1064 4188 1387 4270 confeffo
1410 4187 1553 4266 fmt
1575 4191 1771 4291 apud
1791 4217 2059 4276 omnes
2080 4251 2107 4292 ,
2157 4198 2528 4295 Joannem
2556 4199 2964 4280 hominum
2987 4257 3014 4298 ,
3054 4223 3231 4279 cum
3257 4193 3535 4297 quibus

854 4312 1158 4391 ageret,
1207 4297 1787 4391 corfpenetrare.
1842 4297 2103 4396 Quare
2126 4319 2351 4399 prout
2372 4324 2561 4402 opus
2581 4324 2788 4399 erat,
2840 4304 3245 4396 monebat,
3301 4298 3542 4374 incre·

1929 4503 1947 4552 f
3164 4398 3389 4504 pabat
3411 4421 3435 4475 ι
