3884 5342
1232 386 1305 419 Ἢ..

821 432 1317 516 8Λκετιε
1383 429 1807 515 Masta?
1874 432 2584 514 (immons
2710 441 2865 528 291

426 578 770 678 Ibidem,
819 582 996 663 loco
1046 579 1323 697 pariter
1374 581 1688 682 ignoto,
1740 580 1884 678 jam
1939 584 2036 661 ab
2088 606 2290 661 anno
2324 589 2530 684 1369.
2585 580 2773 681 jacet
2801 577 2999 657 Cor-
3065 624 3068 627 -

312 707 473 783 pus
515 681 827 762 alterius
870 684 1085 762 Servi
1109 681 1260 760 Dei
1285 683 1658 764 Francisci
1714 683 2147 785 pauperculi
2202 682 2776 787 cognominati,
2831 704 3000 781 pro·

323 782 635 863 feffione
687 782 945 881 Laici,
996 783 1088 864 de
1137 807 1294 887 quo
1343 784 1545 863 idem
1599 784 2022 900 wadingus
2077 805 2127 863 t.
2171 812 2241 883 4.
2294 785 2389 861 ad
2439 808 2721 861 annum
2792 788 2999 882 13⁶9·

425 939 481 981 ‚‚
531 885 764 964 Circa
805 885 962 1001 ‘hoc
1017 905 1314 1000 tempus
1365 886 1561 965 obiit
1616 886 1965 966 Venetiis
2020 885 2100 963 in
2153 885 2341 963 AEde
2395 881 2680 961 8208(ae
2730 880 3002 960 Mariae

322 1041 379 1084 „
431 988 512 1065 F.
562 986 992 1066 Francrscus
1042 987 1313 1065 Latcus
1350 1043 1376 1083 .,
1427 987 2010 1107 cognominatus
2065 985 2553 1087 pauperculus
2594 1040 2620 1080 ‚
2691 987 3008 1064 Annum

324 1141 388 1185 „
437 1109 667 1185 agens
720 1096 834 1186 84.
910 1086 1163 1166 Nudis
1214 1088 1497 1190 semper
1550 1089 1940 1168 incedebat
2020 1086 2332 1189 pedibus
2403 1087 2679 1184 absque
2736 1081 3011 1161 Sanda-

326 1241 381 1284 „
433 1186 606 1282 liis,
661 1214 810 1265 una
862 1209 1270 1268 contentus
1325 1188 1581 1270 tunica
1619 1243 1645 1287 ‚
1698 1192 1771 1268 8(
1823 1188 2327 1269 saemoralibus
2369 1245 2386 1264 .
2467 1186 2815 1265 Venetiis
2856 1237 2883 1280 ‚
2935 1181 3010 1259 8(

324 1342 380 1387 ,,
432 1288 829 1369 Avinione
884 1312 1156 1388 magna
1207 1291 1621 1385 charitate,
1673 1292 1747 1370 8<
1790 1291 2217 1370 curialitate
2270 1287 2613 1369 officium
2674 1302 3015 1397 exercuit

321 1444 377 1487 „
429 1387 791 1466 Ostiarii.
845 1389 1002 1467 Sub
1054 1390 1368 1469 Urbano
1392 1395 1487 1469 V.
1534 1392 1889 1470 venetias
1945 1390 2312 1492 profee‘cus
2366 1389 2692 1484 accidit,
2742 1407 2824 1466 ut
2848 1406 3017 1462 unt·

327 1545 399 1588 „p
440 1489 746 1567 versum
801 1490 1274 1570 Coenobium
1348 1492 1524 1592 igne
1580 1493 1923 1592 flagraret
1970 1550 1987 1567 .
2061 1490 2406 1590 Reliquis
2451 1489 2836 1568 Fratribus
2890 1508 3019 1586 per

325 1644 383 1694 „
436 1589 791 1669 fenestras
843 1591 1383 1690 evadentibuS,
1435 1594 1633 1671 solus
1691 1591 2241 1686 hicsubteCiQ
2293 1590 2368 1669 8<
2408 1590 2490 1669 in
2516 1589 2770 1667 medio
2810 1588 3021 1680 flam·

328 1747 388 1791 „
444 1714 745 1769 marum
790 1691 1139 1770 remansit
1209 1720 1353 1794 prae
1407 1693 1783 1773 semelute
1823 1750 1850 1790 ‚
1904 1695 1997 1772 ·&
2049 1691 2389 1771 'cathenis
2430 1746 2458 1788 ‚
2527 1688 2802 1791 quibus
2853 1705 3023 1767 toto

331 1847 393 1892 ,‚
445 1792 1120 1894 circumligabatur
1172 1819 1485 1896 corpore
1539 1796 1629 1874 ad
1683 1794 2212 1895 poenitentiam
2256 1849 2282 1890 ,
2334 1791 2740 1893 impeditus
2784 1848 2801 1867 .
2875 1791 3023 1867 Ge·

316 1947 385 1992 .„
435 1895 786 1972 nuflexus
860 1895 944 1971 in
1000 1915 1212 1974 tanto
1267 1897 1605 1997 periculo
1678 1898 1751 1974 se
1810 1895 2156 1974 Domino
2229 1893 2791 1974 commendavit
2846 1914 2871 1985 ς
2946 1887 3022 1967 8(

325 2049 388 2093 „
441 1992 722 2073 saecum
777 1994 929 2091 est,
980 2017 1065 2074 ut
1117 1997 1602 2096 quantumvis
1653 2017 1815 2077 tota
1868 1999 2137 2075 domus
2191 1996 2534 2096 flagraret
2568 2049 2595 2091 ‚
2640 1993 2716 2072 &c
2753 1989 3030 2084 Cella,

333 2148 391 2192 ‚‚
444 2095 528 2173 in
582 2120 730 2195 qua
780 2098 1039 2177 orabat
1085 2122 1111 2191 ς
1163 2097 1313 2197 ipse
1369 2121 1624 2179 tamen
1668 2097 1939 2178 illaesus
1993 2099 2073 2175 in
2127 2120 2368 2198 agone
2412 2092 2825 2195 expiravit.
2880 2092 3030 2168 Ex-

330 2249 393 2293 „
446 2195 650 2274 tinto
703 2196 928 2298 igne,
978 2199 1274 2280 Fratres
1313 2253 1342 2297 ,
1392 2202 1466 2278 &
1504 2199 1746 2280 Cives
1812 2199 1994 2278 dum
2041 2199 2446 2277 Famulum
2491 2195 2644 2275 Dei
2686 2195 2793 2272 ita
2840 2193 3027 2271 inta-

327 2350 385 2393 „
437 2292 649 2376 &tum
702 2299 1226 2400 conspiciunt,
1276 2326 1453 2380 curn
1509 2302 1801 2381 honore
1846 2298 2217 2401 sepeliunt
2273 2354 2300 2397 ,
2343 2298 2530 2377 &ad
2587 2299 2746 2374 haec
2788 2318 3023 2394 usque

328 2450 387 2494 ,‚
443 2417 789 2499 tempora
840 2399 1225 2480 miraculis
1276 2404 1829 2483 corruscantem
1887 2422 2327 2482 reverentur
2369 2401 2424 2445 ‘⁶
2464 2459 2483 2478 .
2538 2400 2615 2477 Si
2670 2395 3026 2476 defidiosa

330 2496 639 2577 oblivio
681 2500 966 2581 multos
1018 2524 1112 2581 ex
1162 2503 1497 2605 antiquis
1548 2531 1703 2584 non
1760 2502 2122 2583 infecisset
2166 2558 2192 2597 ‚
2265 2502 2362 2581 de
2408 2498 2860 2602 quibusdam
2919 2496 3029 2576 in·

324 2595 555 2700 supet·
594 2600 766 2682 aliis
805 2600 1054 2682 Servis
1095 2604 1300 2702 Dei,
1349 2630 1677 2709 quorum
1719 2606 2065 2705 Corpora
2109 2604 2234 2684 hic
2301 2607 2596 2683 beatam
2641 2596 3038 2702 expeffiant

329 2700 1046 2799 Resurrectionem,
1201 2707 1470 2785 ffemus
1511 2706 1743 2783 modo
1795 2706 2025 2783 verba
2065 2723 2515 2782 contexere.

316 2838 329 2847 -
438 2801 970 2898 coenobium,
1020 2828 1063 2879 a
1166 2804 1378 2902 cujus
1430 2805 1878 2905 ampliorem
1953 2803 2404 2885 dilationem
2470 2803 2825 2904 quasdam
2891 2820 3031 2879 ter-

335 2923 441 2977 rae
498 2900 990 3000 proprietates
1044 2902 1190 3000 jam
1244 2904 1580 3005 superius
1643 2902 1976 2987 diximus
2038 2902 2245 2981 fuisse
2304 2923 2770 3003 comparatas
2818 2955 2845 2996 ‚
2916 2926 3040 2978 eo·

334 3000 522 3078 dem
564 3000 798 3081 ferme
840 3024 991 3082 tem
1102 3029 1177 3083 re
1223 3006 1251 3106 (
1275 3024 1360 3083 ut
1384 3004 1699 3084 innuere
1740 3004 2094 3084 videntur
2119 3004 2522 3084 Dandulus
2566 2998 3036 3094 &Sanutus)

338 3125 505 3201 quo
552 3101 881 3181 Ecclesia
1058 3105 1708 3207 complementum
1774 3108 2176 3186 accedebat
2217 3161 2244 3203 ‚
2316 3105 2771 3186 aedificatum
2826 3088 3039 3179 fuisse

330 3198 727 3295 ereditur,
777 3206 1117 3305 amplum
1159 3209 1349 3284 adeo
1387 3207 1462 3285 8(
1507 3207 1904 3308 spatiosum
1933 3264 1961 3302 ‚
2013 3224 2100 3288 ut
2142 3206 2690 3287 convenientes
2734 3207 2831 3284 ab
2876 3201 3041 3280 uni-

332 3302 563 3382 verso
606 3303 1048 3385 Christiano
1110 3309 1299 3386 orbe
1349 3308 1648 3387 Fratres
1702 3309 2071 3420 plurimos
2121 3333 2388 3410 capere
2438 3305 2775 3408 potuerit
2831 3326 3040 3383 anno

338 3403 823 3513 Μςεῑοκινῐ.
876 3433 1030 3508 quo
1104 3405 1396 3486 intima
1445 3406 1762 3488 Venerios
1836 3408 2140 3489 comitio
2187 3406 2585 3490 Gener-alia
2658 3407 2964 3486 fuerunt
3025 3459 3055 3500 ‚

319 3503 604 3605 ,qmbus
653 3501 1103 3587 celebrandis
1153 3507 1396 3588 multa
1436 3499 1851 3608 privilegia
1919 3511 2247 3612 conceffit
2289 3507 2646 3613 ·Mb'nistro
2696 3498 3047 3586 cenerati

339 3603 730 3685 Ronfanus
781 3608 1125 3710 Pontifex
1176 3613 1544 3692 Clemens
1567 3614 1702 3689 VI.
1756 3609 1957 3690 datis
2010 3608 2113 3689 ad
2157 3608 2492 3690 eumdem
2522 3604 2902 3709 plerisque·
2927 3602 3048 3684 lit·

338 3705 576 3802 teris,
617 3704 757 3807 fied
803 3735 892 3785 ea
931 3711 1335 3810 praefhrtim
1391 3711 1471 3789 in
1523 3739 1671 3812 qua
1722 3709 2190 3809 capitulares=
2235 3739 2479 3790 omnes
2518 3732 2830 3810 paterne
2880 3704 3039 3787 hor-

340 3830 561 3890 tatur
602 3862 629 3904 ‚
678 3830 766 3887 ut
805 3810 1260 3910 prospiciant
1307 3810 1627 3916 universt
1664 3809 2012 3916 sodalitii
2052 3810 2410 3913 profee‘lui
2452 3872 2470 3890 .
2528 3810 3053 3914 Apostolicum

338 3910 789 3991 Clementis
845 3912 1210 4013 Diploma
1263 3916 1595 3995 referunt
1653 3920 1933 3997 Annal.
1989 3915 2293 4017 Seraph.
2352 3916 2582 3994 Tom.
2632 3915 2807 3992 VII.
2885 3930 3049 4013 pag.

353 4038 527 4117 330.
587 4013 936 4092 Fratrum
993 4039 1396 4095 numerum
1439 4073 1466 4114 ‚
1537 4018 1669 4120 qui
1723 4019 1815 4099 ad
1872 4020 2027 4098 haec
2083 4015 2509 4117 Religionis
2561 4014 2882 4095 comitia
2933 4014 3058 4091 ad-

346 4133 732 4226 venerunt
770 4170 797 4211 ‚
858 4137 1094 4215 ⁸notat
1148 4141 1573 4198 marmorea
1648 4120 2049 4222 epigraphe
2126 4119 2207 4199 in
2247 4119 2657 4199 Columna
2707 4114 2956 4194 Chori
3011 4137 3053 4191 e

353 4235 693 4312 regione·
726 4216 1020 4297 sacrarii
1078 4219 1319 4320 pofita
1366 4250 1384 4298 ε
1486 4250 1491 4263 ·

462 4366 517 4410 „
573 4314 1074 4422 FrequentisS.
1131 4320 1464 4420 Huiusce
1520 4318 1917 4424 religionis
1971 4341 2441 4401 conventum
2493 4374 2520 4415 ‚
2567 4318 2698 4418 qui
2754 4342 2845 4396 eo
2898 4313 3056 4429 ipso

348 4474 410 4522 ‚‚
463 4440 670 4496 anno
743 4444 897 4521 quo
950 4424 1031 4501 F.
1088 4424 1444 4509 Donatus
1507 4426 1585 4505 P.
1640 4424 1764 4506 est-
1815 4425 2233 4601 declagatus
2274 4478 2301 4519 ‚
2373 4421 2459 4502 in
2512 4420 2712 4507 hisce
2783 4416 3064 4497 aedibus

816 4576 823 4585 .
2102 4550 2151 4603 o
2260 4551 2303 4601 2
2706 4573 2761 4618 „
2812 4539 2969 4620 per·
