3884 5342
969 354 1138 453 264
1452 342 3016 431 Dz‘Momasrt-:Rto-

846 494 927 573 in
980 517 1127 594 qua
1168 486 1384 567 Diva
1439 483 1747 564 Mariua
1800 483 2043 661 Virffio
2096 485 2375 585 aliique
2428 485 2679 564 Sanffi
2731 480 3344 584 conspiciuntur,
3395 480 3514 558 de·

845 593 1095 696 pinxit.
1150 589 1406 667 Palma
1448 640 1477 681 ,
1545 585 1675 685 qui
1749 585 1824 663 8<
1876 585 1951 663 C
2013 583 2265 663 ristum
2325 588 2753 664 Dominum
2811 608 3076 688 panem
3136 582 3510 682 piscesque

848 691 1492 790 multiplicantem
1536 684 1918 783 expreffit.
2221 767 2228 776 ,

948 795 1177 891 Jacet'
1212 790 1294 865 in
1351 789 1487 863 hac
1541 784 1868 863 Ecclesia
1924 785 2339 865 tumulatus
2362 788 2680 885 Jacobns
2703 787 3203 874 FuscarenuS,
3254 780 3520 876 dequo

854 894 1086 972 verba
1140 886 1481 966 dedimus
1533 886 1623 962 ad
1676 884 2082 964 Ecclesiam
2139 888 2212 964 S.
2237 889 2660 1004 Raphaelis
2703 945 2722 964 .
2778 888 2956 986 Ejus
3011 881 3531 972 mausoleum,

862 991 1222 1087 majorem
1278 987 1573 1100 januam
1618 1039 1645 1079 ,
1715 984 1848 1100 ubi
1900 987 2147 1093 aditus
2187 1010 2528 1086 aperitur
2580 990 2672 1067 ad
2728 1013 2974 1067 aream
3019 1039 3046 1083 ,
3120 977 3522 1084 magnifice

863 1109 1220 1186 exornat,
1270 1109 1491 1187 eique
1544 1087 1986 1188 inscriptum
2038 1087 2142 1165 est
2193 1088 2532 1190 elogium
2588 1088 2777 1169 hoc.

1815 1287 1920 1368 D.
2129 1290 2227 1369 o.
2401 1246 2553 1367 Μ.

991 1548 1045 1593 „
1095 1490 1379 1593 Iacobo
1428 1487 1844 1569 Foscareno
1900 1488 2003 1567 D.
2051 1488 2303 1571 Marci
2378 1487 2851 1571 Procuratori
2904 1489 3008 1568 ob
3059 1483 3374 1568 civilem
3447 1483 3545 1561 sa·

869 1647 926 1696 „
974 1595 1388 1696 pientiam,
1438 1587 1549 1668 rei
1601 1588 1954 1668 militaris
2005 1591 2396 1671 scientiam
2450 1592 2521 1669 8<
2576 1616 2927 1692 magnam
2983 1587 3221 1666 animi
3267 1584 3546 1665 celsita-

873 1750 935 1796 „
982 1717 1140 1776 tem
1198 1693 1585 1771 universus
1638 1692 2112 1769 Venetorum
2190 1692 2587 1772 consensus
2662 1692 2745 1770 in
2798 1690 3271 1793 gravioribus
3326 1685 3546 1785 Reip.

862 1849 919 1896 „
970 1793 1298 1894 negotiis
1354 1790 1636 1869 Primas
1708 1791 1997 1891 semper
2047 1793 2320 1872 detulit
2391 1814 2631 1893 partes
2674 1851 2694 1871 .
2769 1793 2976 1872 Hinc
3029 1792 3120 1868 ad
3177 1787 3549 1864 maximos

864 1950 923 1994 „
975 1896 1296 1994 Europae
1349 1891 1731 1991 Principes
1786 1892 2075 1990 legatus
2129 1894 2379 1972 missus
2439 1894 2696 1988 Fidei,
2747 1894 2823 1972 8<
2879 1889 3407 1991 Eloquentiae,
3456 1885 3549 1965 ad

868 2049 926 2094 „
976 1993 1329 2093 Illyricos
1379 1991 1566 2070 fines
1619 1993 1936 2070 tuendos
1989 1993 2267 2073 elesius
2294 1993 2728 2094 Vigilantiae
2767 1989 3391 2082 &fortitudinis,
3443 1985 3550 2063 bis

870 2149 929 2196 „
977 2092 1377 2173 maritimae
1429 2089 1664 2170 claffis
1719 2095 2139 2192 Imperator
2210 2095 2451 2173 dicius
2519 2092 2815 2194 providi
2869 2094 2946 2172 8<
2996 2089 3267 2169 excelsi
3320 2084 3553 2166 animi

873 2248 929 2292 „
978 2195 1231 2274 Cretae
1286 2192 1555 2271 Insulae
1611 2193 1949 2291 provisor
2001 2193 2273 2273 re8tius
2330 2193 2679 2274 DiRator
2729 2192 2963 2272 faetus
3015 2190 3288 2285 studii,
3339 2190 3416 2267 &
3455 2186 3550 2263 sa-

875 2349 931 2393 „
985 2294 1289 2394 pientiae
1342 2293 1676 2388 semper,
1726 2293 1800 2369 8<
1854 2293 2138 2393 ubique
2194 2296 2484 2390 Domi,
2535 2294 2761 2389 foris,
2815 2318 3044 2395 pace,
3098 2291 3350 2383 bello,
3406 2288 3547 2363 To-

877 2446 936 2493 „
982 2416 1246 2493 gatus,
1298 2393 1658 2469 Armatus
1711 2392 2072 2490 Justitiae,
2128 2395 2586 2494 prudentiae,
2692 2395 2939 2473 ietatis
2979 2449 3007 2491 ,
3059 2393 3131 2471 8<
3189 2393 3556 2470 virtutum

880 2546 938 2593 „
983 2493 1336 2571 omnium
1393 2489 1781 2590 egregium
1858 2498 2240 2594 exemplar
2295 2497 2365 2572 se
2421 2497 2490 2572 se
2543 2519 2635 2574 ex
2702 2493 2896 2573 ibuit
2939 2551 2957 2571 .
3039 2493 3199 2570 Tot
3251 2491 3273 2567 i
3332 2489 3480 2565 itur
3523 2536 3554 2580 ‚

881 2645 941 2694 „
980 2592 1376 2689 tantisque
1429 2591 1799 2669 encomiis
1851 2595 2097 2672 clarus
2126 2596 2444 2673 Coelum
2499 2595 2723 2695 petiit
2775 2619 2978 2672 anno
3040 2600 3240 2672 1602.
3331 2584 3555 2664 0.Ba·

882 2744 944 2793 „
994 2693 1211 2794 ptista
1265 2693 1407 2770 Fil.
1464 2693 1562 2767 D
1591 2691 1840 2771 Marci
1902 2696 2367 2775 Procurator.
2421 2698 2515 2774 ad
2568 2719 2893 2798 paterna:
2945 2691 3228 2774 Gloriae
3276 2706 3564 2769 metam

883 2846 941 2893 „
993 2795 1298 2893 propius
1349 2794 1671 2892 aspirans
1727 2793 2197 2875 Posterorum
2253 2796 2749 2877 incitamento
2807 2798 2885 2875 P.

994 2895 1247 2973 Habet
1300 2894 1374 2971 8<
1429 2893 1978 2973 Monasteriurn
2035 2922 2335 2998 quoque
2387 2900 2514 2977 sua
2557 2900 2881 2994 decora,
2931 2922 3095 2998 quae
3138 2912 3303 2975 tum
3358 2912 3451 2969 ex
3489 2886 3574 2966 il·

890 2992 1246 3076 lustribus
1300 3016 1481 3070 mox
1535 2996 2002 3074 recensendis
2059 2998 2277 3096 ipsius
2329 3000 2658 3079 alumnis
2711 2995 3221 3100 proveniunt,
3275 3015 3442 3072 tum
3483 3006 3576 3068 ex

896 3092 1253 3197 solemni,
1295 3094 1792 3207 Generalium
1868 3096 2394 3177 Comitiorum
2470 3100 2978 3180 celebratione
3031 3154 3056 3194 ,
3125 3121 3293 3198 quae
3369 3115 3567 3204 anno

898 3193 1274 3307 Moxxtv.
1331 3217 1410 3268 in
1461 3191 1640 3272 festo
1700 3196 2160 3277 Pentecostes
2213 3200 2500 3278 ibidem
2553 3201 2807 3281 coaRa
2861 3201 3162 3279 fuerunt
3204 3251 3231 3291 ,
3285 3195 3368 3273 in
3418 3215 3578 3293 qut·

903 3295 1046 3374 bus
1098 3290 1470 3405 Nicolaus
1524 3296 1776 3372 Audet
1829 3299 2222 3378 Generalis
2299 3300 2534 3379 totius
2588 3301 2901 3381 Ordinis
2974 3299 3189 3378 Prior
3239 3291 3579 3374 enuntia-

902 3412 1027 3472 tus
1078 3391 1222 3507 (uit
1260 3448 1280 3468 .
1335 3391 1477 3506 lpsi
1525 3394 1616 3473 ad
1671 3394 2013 3495 regimen
2066 3398 2878 3505 religionis'affumpto
2917 3457 2945 3498 ,
3016 3401 3091 3479 8<
3145 3389 3579 3476 deffinitori-

904 3494 1182 3610 bus‘tn
1234 3491 1607 3609 Capitulo
1660 3497 2019 3579 Generali
2075 3502 2336 3583 'adhuc
2392 3506 2875 3583 manentibus
2929 3528 3058 3604 per
3112 3494 3580 3600 Apostolicas

900 3593 1194 3673 litteras
1248 3593 1630 3672 mandavit
1682 3598 2052 3678 Clemens
2082 3600 2251 3679 Vll.
2311 3625 2395 3680 ut
2451 3605 2539 3681 ad
2595 3604 3211 3684 reformationem
3287 3598 3580 3676 univer-

904 3694 1139 3808 salem
1193 3694 1675 3774 Carmelitici
1731 3700 2042 3778 Ordinis
2083 3754 2110 3794 ,
2164 3724 2316 3780 tam
2370 3706 2615 3805 quoad
2671 3732 2918 3787 mores
2959 3760 2985 3801 ,
3056 3728 3284 3806 quarn
3336 3690 3580 3800 quoad

907 3796 1199 3895 reliqua
1251 3795 1581 3891 ejusdem
1605 3798 1915 3876 Ordinis
1969 3800 2308 3880 instituta
2359 3807 2887 3905 procederent.
2939 3807 3125 3886 Haec
3180 3801 3577 3883 fufiusexa·

766 3914 775 3921 “
907 3914 1070 3972 rata
1123 3894 1477 3992 leguntur
1527 3897 1610 3973 in
1664 3897 2004 3977 Bullario
2056 3903 2367 3983 Ordinis
2425 3906 2654 3986 Tom.
2684 3912 2780 3986 11.
2835 3933 2996 4009 pag.
3022 3915 3090 3988 6.
3117 3912 3184 3984 8.
3221 3930 3329 3984 10.

1016 3992 1373 4074 Marcum
1429 3995 1856 4113 Motellhum
1912 3997 2136 4097 hujus
2187 4003 2558 4085 Coenobii
2617 4008 3002 4106 Priorem,
3051 4030 3240 4086 mox
3288 3999 3586 4103 Episco-

912 4116 1099 4194 pum
1150 4094 1913 4214 Domocensemjam
1968 4100 2350 4203 superius,
2401 4107 2534 4188 ubi
2587 4111 2679 4189 de
2713 4100 3593 4191 consecrationeEcele·

915 4192 1033 4272 fiae
1083 4191 1336 4272 aetum
1388 4194 1541 4289 est,
1594 4196 1672 4274 8(
1721 4224 1817 4277 m·
1858 4223 2041 4280 nota
2209 4212 2854 4291 memoravimus·

1019 4293 1411 4390 Thomam
1463 4296 2044 4403 Contarenum,
2216 4308 2587 4409 Jacobum
2638 4312 2851 4395 Zeno
2900 4311 3314 4487 Episcopo}
3367 4299 3602 4485 tacito

1316 4438 1331 4443 ·
3307 4431 3391 4488 cc
3428 4430 3502 4485 e·

1979 4540 1996 4551 a
