3884 5342
710 387 724 398 .
845 321 921 403 S.
986 295 1472 409 Nlcotat
1542 346 1672 406 DE
1734 322 2469 414 ΤοιΕΝτῐΝο.
2728 351 2892 430 219

321 469 813 574 pulsabatur,
863 493 1443 573 accurentesque
1493 468 1863 574 Ianitores
1913 471 2361 588 prandium,
2412 474 2614 576 quod
2666 472 3024 553 omnibus

316 573 808 674 suppeteret,
858 576 1174 653 allatum
1226 575 1320 652 ab
1376 571 1691 676 Angelis
1743 573 2254 676 reperiebant.

425 673 546 752 Ut
600 669 760 752 erat
799 674 1255 777 paupertatis
1297 699 1604 771 amans,
1655 673 1751 752 fic
1891 679 2205 776 uperu'm
2251 674 2395 753 fuit
2438 674 3027 768 amantiffimus‚

314 797 660 876 quorum
713 775 1048 878 inopiam
1103 774 1606 876 eleemosynis
1656 773 1790 854 sub
1824 780 2137 856 evaba't.
2188 778 2394 877 Saepe
2445 801 2753 856 omnem
2807 799 3027 877 pecu-

317 875 1061 994 n'iam‚‚panesque‚
1097 905 1302 979 ,quos
1354 877 1565 958 domi
1621 868 1951 957 habebat
1987 933 2014 974 ‚
2067 878 2327 978 egenis
2380 877 2726 955 distribui
2780 875 3027 990 justit,

318 975 408 1056 in
464 1002 639 1082 eam
694 978 1055 1060 videlicet
1108 982 1311 1081 spem
1365 978 1655 1059 ereeius
1692 979 1932 1076 ‚-fore
1983 1001 2067 1058 ut
2121 978 2547 1058 suaeetiam
2603 981 2820 1060 Deus
2866 997 3026 1077 opt-

203 1097 209 1103 ·
322 1077 710 1160 tularetur
749 1080 1204 1181 'indigentiae
1241 1138 1263 1159 .
1317 1081 1489 1182 Spei
1542 1083 1859 1161 eventus
1911 1081 2403 1181 respondebat
2447 1135 2477 1175 ‚
2524 1104 2704 1160 nam
2756 1079 3028 1158 eodem

319 1178 499 1276 die,
554 1182 632 1260 8<
682 1183 1131 1282 quandoque
1184 1183 1446 1262 eadem
1501 1183 1690 1262 hora
1738 1182 2155 1283 accipiebat
2208 1181 2703 1282 centuplum,
2756 1179 2879 1257 vel
2920 1180 3031 1292 ‚ab

328 1279 840 1377 hominibus,
893 1283 984 1362 de
1033 1281 1312 1384 quibus
1361 1285 1475 1363 nil
1528 1285 1680 1363 ta'le
1734 1285 2287 1386 suspicabatur,
2341 1287 2465 1361 vel
2516 1285 2612 1360 ab
2659 1279 3032 1381 Angelis,

289 1382 458 1461 'vel
520 1384 621 1459 ab
674 1382 833 1481 ipso
888 1385 1366 1484 Angelorum
1419 1385 1766 1463 Domino
1809 1443 1831 1461 .
1904 1388 1996 1463 In
2055 1385 2170 1463 his
2223 1385 2415 1464 illud
2467 1383 2611 1461 fuit
2664 1403 3031 1494 memora-

325 1480 548 1575 bile'‚’
600 1483 803 1581 quod
858 1481 938 1561 in
996 1486 1616 1587 pauperes-illius
1668 1485 1849 1582 juffu
1903 1483 2228 1586 erogatis
2282 1482 2644 1586 panibus,
2694 1509 2884 1585 quos
2906 1503 3033 1560 tn·

321 1579 1007 1664 ‘clinii'PraefeRus
1064 1588 1408 1666 Patribus
1480 1587 1963 1688 apponendos
2036 1588 2373 1666 servabat
2414 1640 2441 1681 ‚
2512 1608 2688 1664 cum
2742 1582 3038 1685 prorsus

324 1682 538 1762 nihil
596 1707 858 1786 praeter
910 1711 1039 1768 eos
1094 1693 1318 1788 pa'nes
1369 1689 1738 1768 haberent
1790 1690 1880 1764 ad
1936 1687 2145 1768 illius
2195 1686 2347 1766 diei
2392 1684 2732 1779 vicium,
2783 1705 3033 1782 repen-

301 1799 406 1882 ,te
464 1784 788 1863 triclinii
844 1789 1112 1867 mensae
1170 1790 1340 1867 visae
1395 1791 1564 1868 sunt
1614 1787 1973 1868 extruPtae
2026 1786 2396 1890 panibus,
2441 1808 2668 1888 atque
2719 1783 2967 1887 epulis
3004 1834 3037 1879 ‚
3084 1857 3109 1870 ,

325 1884 614 1983 quibus
667 1886 863 1967 festis
915 1889 1182 1969 diebus
1236 1891 1431 1970 vesci
1490 1892 1743 1968 Patres
1794 1892 2394 1984 consueverant,

433 1985 616 2064 Hoc
668 1988 1060 2068 charitatis
1131 1993 1419 2071 excessu
1496 2012 1656 2072 tam
1709 1990 1851 2070 fuit
1906 1994 2099 2071 bene
2152 1993 2245 2072 de
2296 1992 2476 2068 Deo
2524 1986 2895 2082 meritus,
2943 2000 3034 2063 ut

319 2081 1033 2190 -semelChristum,
1083 2119 1312 2194 quem
1368 2092 1565 2170 inter
1621 2118 1977 2194 pauperes
2028 2092 2166 2171 sub
2218 2090 2430 2207 pueri
2482 2088 2722 2169 forma
2746 2088 3036 2165 nudum

329 2185 583 2284 vidit,
633 2191 833 2289 quasi
889 2219 1137 2272 novus
1164 2192 1551 2276 Martinus
1605 2192 1802 2272 veste
1856 2213 2329 2274 contexerit.
2381 2193 2673 2271 Iterum
2717 2187 2817 2268 fic
2855 2208 3038 2263 eum

329 2286 720 2368 allocutus
773 2292 877 2370 est
933 2294 1316 2374 Dominus
1377 2324 1398 2372 z
1470 2295 1796 2396 Joannes
1849 2318 2015 2375 tuas
2064 2294 2151 2374 in
2204 2319 2333 2373 me
2382 2317 2542 2372 uno
2590 2314 2809 2371 curas
2858 2283 3039 2365 defi-

321 2410 426 2563 ge
471 2409 697 2490 sego
747 2394 952 2471 enim
1010 2394 1123 2473 tui
1177 2417 1436 2476 curam
1478 2451 1508 2491 ‚
1582 2417 2042 2499 tuorumque
2091 2396 2380 2496 semper
2429 2417 2685 2495 geram
2728 2449 2751 2469 .
2822 2388 3041 2506 Qum

361 2489 614 2585 emel,
665 2513 890 2595 atque
944 2495 1222 2576 iterum
1276 2498 1965 2595 animadvertisset,
2019 2497 2329 2600 Templi
2376 2551 2406 2591 ‚
2450 2495 2655 2597 quod
2704 2492 2804 2572 ab
2854 2513 3035 2567 mus

325 2599 674 2671 erexerat
727 2594 1233 2677 fundamentis
1272 2654 1296 2694 ‚
1351 2599 1668 2698 parietes
1719 2600 2031 2679 altiores
2080 2623 2307 2678 mane
2356 2595 2666 2675 existere
2706 2648 2737 2691 ‚
2807 2612 3039 2692 quarn

321 2703 538 2801 retro
593 2696 834 2794 elapsa
888 2698 1007 2773 die
1064 2698 1521 2797 reliquifl'ent
1564 2699 2103 2793 coementarii,
2154 2697 2494 2797 Angelos
2546 2718 2681 2796 per
2727 2689 3038 2806 noRem

325 2784 526 2897 vidit
607 2790 761 2869 illi‘s
835 2795 1211 2893 erigendis
1283 2822 1588 2896 operam
1664 2798 1837 2875 dare
1880 2853 1900 2872 .
1976 2798 2212 2897 Quod
2262 2793 2745 2896 peculiariter
2796 2809 3039 2871 conti-

332 2905 448 2980 git
491 2937 521 2979 ‚
577 2915 756 2967 cum
805 2894 983 2988 'satis
1036 2887 1373 2993 amplum
1431 2897 1766 2996 legatum
1823 2895 2161 2996 rejiceret
2201 2951 2230 2993 ‚
2302 2893 2505 2998 quod
2557 2894 2651 2972 acl
2700 2888 3038 2987 ejusdem

337 2985 661 3088 Templi
735 2991 1359 3074 constitutionem
1415 2997 1742 3097 quidam‘
1774 2999 2103 3098 Joannes
2152 2994 2525 3077 Novitius
2574 2992 2962 3074 obtulerat
3001 3041 3034 3087 ‚

387 3091 642 3199 uando
695 3095 1150 3174 adventante
1203 3097 1638 3184 emittendas
1696 3097 2157 3198 profeffionis
2212 3119 2553 3199 tempore
2590 3150 2621 3192 ‚
2693 3094 2857 3172 suas
2907 3094 3035 3169 ab·

388 3211 585 3266 reare
640 3189 1032 3272 facultates
1104 3198 1499 3296 oportebat
1543 3256 1563 3273 .
1638 3200 1838 3276 Eum
1915 3199 2146 3278 etiam
2198 3201 2528 3302 Ioannes
2592 3190 3039 3297 gravissimis

202 3348 216 3361 .
319 3288 593 3384 *verbis
647 3293 1000 3391 edocuit,
1057 3323 1330 3376 munus
1385 3297 1578 3376 illud
1633 3302 2018 3397 recusare,
2072 3322 2237 3380 tum
2291 3301 2494 3403 quod
2546 3300 2721 3377 ess'et
2765 3320 2809 3373 a
2858 3317 3039 3395 pau·

331 3412 682 3490 penate,
733 3421 958 3495 quarn
1017 3398 1554 3498 profitebatur,
1608 3400 1941 3479 alienum
1990 3428 2014 3494 3
2069 3424 2233 3478 tum
2288 3427 2383 3480 ne
2437 3399 2553 3478 illi
2595 3396 2844 3475 inanis
2884 3394 3040 3507 glo-

337 3491 453 3569 ria
515 3493 940 3594 subreperet
985 3552 1010 3593 ‚
1080 3499 1128 3577 fi
1183 3525 1368 3599 opus
1425 3499 1616 3578 inud
1669 3505 1759 3579 ad
1812 3503 2045 3580 finem
2102 3527 2186 3579 us
2242 3527 2335 3578 ue
2390 3499 2833 3599 perdue'tum
2888 3497 3038 3571 suis

342 3592 637 3673 videret
695 3595 1040 3698 impensis
1083 3656 1109 3697 ,
1179 3600 1630 3702 majorisque
1686 3605 1826 3680 effe
1878 3601 2135 3680 meriti
2189 3527 2280 3678 ge
2322 3600 2629 3702 *Divina
2681 3596 2819 3675 fibi
2874 3595 3044 3708 Pro·

340 3694 680 3775 videntia
735 3700 1074 3800 polliceri
1121 3757 1148 3796 .,
1223 3703 1567 3782 Ecclefiae
1626 3702 2060 3788 strusturam
2118 3703 2394 3801 absque
2450 3699 2659 3777 illius
2710 3717 3043 3798 pecumae

341 3795 673 3878 subfidio
725 3801 1276 3900 conficiendam
1333 3803 1488 3882 fore
1532 3830 1556 3898 ς,
1611 3805 1814 3906 quod
1869 3805 1995 3882 vel
2050 3802 2380 3883 maxime
2435 3801 2590 3901 egit
2645 3800 2973 3899 Joannes
3013 3847 3042 3891 ‚

343 3918 431 3975 ut
487 3898 661 3977 inde
719 3901 1091 3981 Novitius
1146 3903 1455 3983 disceret
1516 3907 1668 4007 spes
1720 3932 1983 3985 omnes
2037 3908 2199 3984 suas
2253 3902 2332 3981 in
2392 3903 2564 3980 Deo
2618 3901 3044 3995 collocare,

348 4016 503 4078 tam
571 4000 810 4081 striste
866 4003 1158 4098 coluit,
1210 4030 1250 4080 a
1305 4007 1599 4110 suisque
1654 4009 1806 4088 coli
1861 4007 2141 4085 studuit
2200 4024 2761 4106 paupertatem,
2811 4021 3067 4101 quam.

346 4099 754 4199 Christus,
809 4105 1302 4207 Apostolique
1359 4107 1806 4185 Sanffiffimi
1862 4105 2153 4207 professi
2208 4108 2420 4185 sunt.

456 4204 630 4280 Pari
687 4208 1143 4306 paupertatis
1216 4206 1485 4307 rigore„
1520 4209 1596 4285 in
1655 4206 2043 4287 traRando
2094 4207 2228 4286 suo
2279 4232 2591 4308 corpore
2644 4201 2862 4294 usuS‚
2914 4197 3053 4311 fin-

358 4303 559 4402 gulis
616 4307 961 4389 noc’tibus
1017 4309 1249 4390 ferrea
1304 4331 1570 4390 catena
1622 4310 1704 4389 in
1758 4309 1828 4389 se
1887 4336 2121 4489 usqtke
2173 4308 2263 4386 ad
2305 4306 2739 4388 effufionem
2764 4301 3051 4412 sangui-

629 4431 640 4440 ·
1777 4469 1800 4514 δ
2140 4433 2181 4488 e
2289 4437 2333 4485 z
2842 4425 2960 4479 nis
