3884 5342
1071 403 1239 494 208
1452 385 3020 482 ·DE=MonA‹s⁴1-En1o

945 544 1524 657 ptaeceptoribus
1575 539 1783 618 daret
1833 559 2138 651 operam
2164 585 2189 631 ‚
2236 534 2329 613 ad
2380 559 2545 618 eam
2603 532 3013 613 studiorum
3065 526 3607 646 perfectionem

946 650 1362 758 pervenit„
1433 663 1517 722 ut
1590 634 1805 717 brev-i
1876 637 2054 733 juris
2107 635 2495 737 utriusque
2566 637 2896 714 lauream
2952 631 3241 710 Patami
3315 632 3611 716 summa

946 745 1126 835 eum
1177 750 1395 830 laude
1445 735 1861 822 obtinuerit
1898 795 1924 818 .
1982 737 2100 826 ¹Et
2152 735 2205 814 fi
2258 762 2437 815 vero
2492 756 2674 815 tune
2726 732 3086 834 temporis
3139 731 3338 811 visus
3389 733 3479 812 fit
3529 735 3615 817 in

944 880 1027 944 te
1080 844 1528 944 litteratoria
1599 838 2001 938 discipulus
2034 890 2066 933 .‚
2137 837 2412 939 primas
2466 858 2722 916 tamen
2796 837 2877 913 in
2934 830 3269 934 palaestra*
3309 831 3611 915 virtutis

944 955 1230 1053 semper
1275 944 1596 1034 renuite,
1641 938 1969 1036 ideoque
2019 963 2273 1020 rerum
2328 936 2829 1040 spiritualium
2885 933 3177 1013 Doetor
3215 987 3245 1029 ‚
3296 960 3384 1012 ac
3442 935 3606 1013 Ma·

999 1052 1168 1144 ister
1217 1042 1585 1142 constanti
1633 1039 1984 1119 omnium
2035 1063 2083 1117 ο
2139 1037 2397 1126 ‘nione
2447 1039 2737 1132 audiit:J
2787 1036 2988 1137 quod
3041 1034 3114 1112 ei
3168 1058 3454 1114 nomen
3496 1037 3610 1116 aa,

943 1079 1304 1253 {criptum
1350 1144 1488 1234 inii
1548 1142 1662 1234 nis
1714 1165 1893 1230 curn
1947 1065 2457 1226 sangimoniae
2503 1138 2706 1217 sama
2759 1134 3125 1238 praecipue
3180 1133 3377 1231 fuit,
3427 1137 3611 1236 post·

947 1278 1178 1355 quam
1233 1251 1303 1329 se
1359 1169 1617 1327 nosfrae
1667 1238 2064 1341 Religioni
2116 1239 2631 1342 mancipavit3
2683 1258 2985 1338 eratque
3026 1235 3610 1336 discipulorum,

947 1353 1224 1455 quibus
1274 1350 1358 1429 in
1409 1346 1536 1427 via
1585 1341 1843 1422 salutis
1894 1339 2134 1422 facem
2178 1340 2655 1443 praeferebat,
2705 1361 3118 1436 eorumque
3136 1337 3450 1436 regebat
3475 1338 3615 1416 ani-

953 1478 1172 1550 mos,
1224 1471 1378 1531 tarn
1432 1469 1526 1527 ex
1573 1442 2056 1524 Nostratibus
2095 1496 2122 1539 ,
2170 1466 2397 1543 quam
2453 1440 2778 1520 aliorum
2833 1437 3212 1520 Ordinum
3264 1462 3354 1518 ac
3405 1438 3620 1518 sacua

945 1553 1224 1638 larium
1267 1543 1619 1632 -virorum
1659 1602 1687 1644 ‚
1760 1569 1902 1630 nec
1965 1569 2123 1622 non
2168 1541 2640 1624 Monialium
2680 1597 2708 1641 ‚
2775 1560 3002 1642 atque
3076 1536 3329 1624 omnis
3398 1536 3612 1621 status

939 1655 1359 1737 mulierum
1398 1649 1667 1749 ingens
1709 1643 1943 1731 ferme
1988 1669 2387 1724 numerus.

1048 1757 1398 1836 Tantum
1449 1775 1633 1828 vero
1686 1745 1886 1836 abest
1923 1799 1954 1841 ,
2003 1764 2087 1825 ut
2142 1746 2415 1826 noxius
2466 1744 2822 1827 doetrinae
2877 1767 3108 1849 vapor
3158 1743 3316 1842 eius
3366 1741 3448 1821 in
3500 1764 3615 1844 pe·

948 1851 1155 1948 &ore
1195 1852 1488 1933 sensum
1522 1846 1831 1964 pietatis
1881 1844 2325 1947 extinguere
2382 1847 2758 1949 potuerit,
2804 1866 2894 1926 ut
2949 1872 3044 1925 ne
3068 1843 3437 1926 afflaverit
3456 1843 3609 1945 qui-

944 1957 1162 2038 dem.
1211 1953 1393 2038 Huc
1445 1974 1653 2040 enim
1708 1972 1890 2032 vero
1942 1946 2100 2047 ejus
2152 1965 2401 2026 toturn
2458 1949 2820 2030 evocabat
2870 1945 3269 2048 ingenium
3309 1999 3336 2041 ,
3388 1965 3481 2024 ut
3527 1943 3608 2021 as·

948 2056 1151 2137 fidue
1205 2073 1505 2138 vacaret
1556 2046 1976 2146 coelestium
2028 2073 2341 2148 operum
2399 2047 2941 2145 Meditationi,
2992 2068 3077 2126 ut
3130 2048 3393 2125 Deum
3446 2047 3621 2124 sem--

942 2182 1076 2260 per
1131 2155 1440 2244 haberet
1492 2177 1640 2255 prae
1689 2147 1933 2229 oculis
1975 2202 2002 2243 ‚
2056 2170 2139 2227 ut
2190 2149 2284 2226 de
2341 2148 2679 2250 Virginis
2736 2150 3082 2250 Deiparae
3126 2147 3603 2225 Immaculata

944 2255 1532 2359 Conceptione‚
1583 2250 1840 2352 gratiae
1893 2248 2369 2348 plenitudine
2411 2304 2438 2345 ‚
2492 2275 2579 2329 ac
2630 2250 2873 2350 gloria
2924 2250 3348 2329 sermonem
3407 2245 3603 2326 infer·

947 2380 1108 2453 ret,
1158 2385 1203 2436 a
1255 2353 1543 2442 cunetis
1595 2376 1776 2450 cum
1825 2348 2141 2427 Christo
2191 2350 2700 2450 diligendam,
2755 2351 3413 2451 venerandamque
3465 2372 3603 2449 pro·

947 2478 1263 2558 poneret
1294 2484 1332 2552 ,ς
1383 2457 1453 2535 se
1512 2480 1608 2534 ue
1657 2471 1906 2534 toturn
1956 2449 2280 2550 fingeret
2332 2451 2423 2530 ad
2475 2453 2820 2551 Supremi
2866 2450 3233 2536 Numinis
3284 2451 3609 2529 volunta·

952 2580 1160 2657 tem,
1210 2558 1399 2637 adeo
1451 2556 1484 2634 i·
1509 2554 1570 2634 li
1603 2579 1820 2644 ,curae
1872 2572 2030 2645 erat
2084 2552 2450 2635 virtutem
2505 2579 2682 2634 cum
2737 2553 3044 2634 scientia
3090 2551 3391 2655 pacisci.

1048 2662 1163 2740 Ut
1216 2684 1399 2738 vero
1448 2683 1492 2736 a
1542 2652 1995 2735 Coelestium
2050 2656 2699 2757 contemplatione
2752 2683 2890 2737 nec
2944 2657 3031 2734 ad
3088 2653 3500 2734 minimum
3546 2650 3613 2729 se

951 2760 1359 2842 diverteret
1394 2814 1421 2857 ‚
1470 2781 1727 2839 coram
1781 2756 2156 2836 Crucifixi
2231 2757 2567 2859 imagine
2632 2760 2851 2838 flexis
2904 2775 2987 2836 ut
3042 2756 3459 2858 plurimum
3509 2776 3613 2852 ge·

948 2862 1225 2960 nibus,
1274 2859 1677 2956 humanis,
1727 2883 1814 2937 ac
1866 2856 2093 2939 sacris
2145 2857 2419 2938 litteris
2473 2858 2759 2942 studere
2811 2859 3354 2951 consueverat,
3408 2855 3607 2933 inter·

949 2963 1204 3066 politis
1254 2963 1544 3065 semper
1595 2960 1910 3056 mulus,
1961 2956 2335 3060 variisque
2444 2958 2692 3041 ieratis
2744 2986 2829 3040 ac
2884 2957 3322 3060 religionis,
3379 2951 3607 3066 prqeci3

947 3089 1098 3162 pue
1142 3090 1336 3143 -vero
1408 3062 1686 3150 amoris
1739 3059 1821 3138 in
1871 3057 2366 3140 Christum‘a
2446 3062 2615 3143 ibus
2658 3119 2678 3139 .
2751 3062 2926 3141 Hoc
2980 3083 3235 3139 autem
3290 3053 3615 3137 studendi

948 3165 1227 3259 mode,
1277 3189 1363 3243 ac
1415 3158 1832 3256 meditandi
1886 3157 2103 3240 fimul
2157 3158 2418 3240 divina
2460 3216 2488 3258 ‚
2540 3187 2633 3242 eo
2684 3162 3020 3244 Numini
3074 3159 3359 3263 placuit
3410 3160 3631 3258 lom:

949 3288 1133 3359 nes,
1187 3284 1269 3340 ut
1317 3262 1694 3360 nociurno
1748 3283 2086 3360 tempore
2141 3261 2353 3341 omni
2410 3263 2555 3342 alia
2607 3263 2893 3364 abjecia
2945 3267 3116 3344 luce
3157 3318 3184 3359 ‚
3236 3263 3327 3341 ad
3380 3283 3543 3337 eam
3588 3308 3611 3352 ‚

1004 3388 1114 3441 uae
1162 3385 1391 3456 aura
1441 3361 1820 3443 Crucifixi
1872 3359 2203 3461 imagine
2258 3367 2752 3464 procedebat,
2802 3386 2935 3445 aut
2988 3367 3082 3445 ab
3136 3362 3444 3464 Angelo
3482 3361 3620 3439 Cu·

1015 3465 1201 3563 ode,
1249 3464 1460 3565 cujus
1511 3461 1805 3582 aspectu
1858 3462 2370 3566 persaepiffime
2408 3466 2838 3564 fruebatur,
2888 3464 3178 3548 studere
3201 3463 3439 3545 ferme
3462 3484 3618 3543 con·

923 3565 1172 3668 ‘tinuo
1221 3586 1586 3646 meruerit
1609 3624 1628 3643 .
1685 3619 1688 3624 -

976 3737 983 3746 .
1049 3665 1509 3750 Animarum
1562 3685 1816 3749 autern
1871 3666 2095 3750 saluti
2146 3669 2387 3770 magis
2437 3670 2781 3768 studens,
2832 3691 2919 3750 ut
2970 3668 3048 3750 id
3099 3670 3251 3750 fine
3305 3667 3476 3748 ullo
3496 3665 3620 3746 im·

943 3770 1385 3867 pedimento
1440 3790 1871 3872 perageret,
1918 3792 2366 3873 contempto
2420 3773 2710 3854 mundo
2751 3827 2778 3867 ‚
2829 3770 3320 3872 Religionem
3369 3823 3397 3865 ‚
3466 3788 3617 3868 qua:

944 3865 1163 3983 fimul
1218 3869 1293 3947 8<
1344 3869 1764 3950 coelestium
1838 3873 2470 3974 contemplationi
2532 3894 2893 3970 vacaret,
2963 3899 3050 3952 ac
3103 3871 3623 3976 proximorum

943 3966 1166 4047 saluti
1219 3976 1740 4071 mcumberet,
1794 3970 2089 4070 ingredi
2142 3973 2552 4074 cogitavit.
2611 3980 2994 4076 Quartum
3020 3975 3408 4054 decimum
3431 3992 3619 4052 com·

944 4067 1280 4185 pleverat
1332 4098 1616 4152 annum
1663 4128 1688 4169 ‚
1759 4089 1935 4150 cum
1994 4074 2186 4153 hanc
2239 4073 2395 4173 ejus
2468 4095 2805 4157 mentem
2859 4075 3208 4156 Antistiti
3261 4071 3555 4173 aperuit
3595 4121 3621 4164 ‚

947 4193 1082 4270 qm
1134 4197 1472 4272 annuens
1545 4172 1798 4252 sancio
1873 4173 2054 4255 huic
2106 4176 2424 4275 Juvenis
2496 4178 2874 4281 proposito
2946 4203 3124 4256 cum
3180 4203 3223 4252 a
3278 4178 3455 4253 Deo
3506 4192 3622 4250 ex·

942 4270 1400 4370 poscendum
1469 4274 1880 4389 subcliderit
1928 4330 1954 4371 ,
2028 4277 2556 4383 ut4inspiraret
2596 4333 2623 4375 ,
2694 4279 2819 4359 cni
2874 4302 2968 4359 ex
3022 4276 3442 4358 Ordinibus
3487 4298 3617 4351 no-

929 4393 1126 4454 ·rnen
1194 4374 1366 4462 dare
1438 4398 1680 4476 magis
1753 4374 1872 4454 1111
1923 4376 2293 4477 placuerit
2345 4431 2375 4476 ‚
2445 4405 2531 4460 ac
2605 4379 2832 4464 fuerit
2904 4379 3182 4462 divinae
3254 4379 3426 4556 suaef
3453 4397 3623 4455 con·

1425 4505 1466 4515 e*
3413 4499 3528 4557 or-
