3884 5342
887 374 2439 464 Sanc-msecuwnt.
2817 400 2872 476 9

325 534 755 632 Martyrem
858 529 1179 608 ertinere
1232 529 1473 609 asserit
1524 525 1941 622 Codalius,
1992 526 2124 628 qui
2171 526 2507 605 Venetos
2562 520 2782 604 refert
2834 520 3001 600 sub-

328 634 499 712 latis
554 631 744 709 Divi
848 629 1119 708 ecundi
1174 628 1545 730 Martyris
1612 626 1905 707 exuviis
1949 628 2155 705 aliud
2209 625 2458 705 Sanffi
2517 621 3000 724 Homonytni

321 734 629 833 Corpus
681 729 1166 824 substituiffe3
1219 729 1438 825 hujus
1464 752 1715 808 tamen
1740 725 2303 827 suppofitionis,
2338 752 2513 806 cum
2557 727 2860 803 nullum
2905 722 3002 801 af-

323 831 513 911 ferat
567 833 1187 925 fundamentum,
1240 830 1419 908 fides
1462 830 1546 908 fit
1595 854 1816 931 penes
1838 828 2237 906 authorem
2268 885 2286 903 .
2339 828 2549 906 Cum
2606 826 2856 925 itaque
2910 825 3006 903 de

322 952 495 1012 toto
544 931 615 1008 8<
666 931 1107 1030 incorrupto
1162 931 1231 1008 S.
1256 931 1580 1012 Secundi
1638 929 2007 1029 Martyris
2059 929 2403 1030 Corpore
2429 926 2707 1005 Veneti
2752 950 3008 1025 aeque,

327 1057 417 1110 ac
471 1028 807 1109 Astenses
883 1031 1308 1131 glorientur
1346 1089 1372 1130 ,
1445 1033 1520 1110 8<
1570 1032 1662 1111 ad
1714 1031 2268 1131 comprobanda
2323 1028 2706 1129 utriusque
2782 1025 3013 1126 partis

324 1131 486 1230 jura
543 1132 885 1247 bumanae
937 1131 1089 1211 fere
1143 1158 1235 1210 ex
1290 1158 1502 1233 aequo
1553 1132 2325 1239 suppetant-rationes
2365 1186 2392 1229 ,
2444 1128 2724 1207 mirum
2779 1125 3015 1227 profe-

327 1231 456 1311 sto
507 1232 807 1309 videtur
860 1233 952 1310 ad
1004 1231 1472 1314 illustrandas
1526 1235 1606 1313 in
1661 1257 1972 1334 utraque
2017 1233 2362 1312 Civitate
2406 1233 2793 1311 asservatas
2834 1252 3015 1307 exu-

324 1332 490 1411 vias
542 1332 852 1431 superna
908 1360 1063 1412 non
1115 1333 1415 1415 defuisse
1491 1335 1827 1437 prodigia
1870 1391 1887 1410 .
1964 1334 2214 1411 Litem
2268 1333 2622 1412 dirimere
2695 1349 3016 1410 conatur

326 1432 891 1548 supralaudatus
950 1436 1201 1513 Abbas
1252 1437 1631 1534 Ughellus
1684 1437 1763 1513 in
1816 1432 2206 1534 Episcopis
2260 1433 2688 1521 Astenslbus
2727 1485 2757 1528 ,
2825 1432 3012 1508 dum

320 1556 539 1610 emm
598 1534 788 1613 D1v1
843 1533 1165 1612 Secundi
1215 1534 1532 1616 Astensis
1585 1535 1934 1635 Episcopi
1989 1533 2543 1612 &Confefforis
2595 1531 2756 1613 acia
2793 1530 3016 1609 refert

328 1632 728 1751 Tom.1is.
824 1643 1127 1738 ag.336.
1184 1635 1339 1715 haec
1383 1637 1670 1716 subdit:
1723 1691 1778 1732 „
1821 1637 2208 1715 Caeterum
2234 1634 2661 1714 Secundum
2689 1633 3016 1727 volunt,

330 1787 387 1831 „
444 1758 620 1812 cum
676 1759 826 1834 ipe
881 1761 972 1814 ex
1028 1738 1169 1815 hac
1225 1737 1382 1815 vita
1436 1737 1807 1838 migrasset
1846 1791 1876 1832 ,
1927 1737 2012 1813 in
2066 1735 2351 1814 Astenfi
2401 1732 2734 1813 Ecclesia
2787 1731 3020 1832 sepul-

322 1889 378 1932 „
438 1857 659 1950 tum,
704 1835 977 1914 deinde
1029 1839 1391 1918 Venetiae
1443 1839 1777 1918 delatum
1833 1837 1913 1915 in
1966 1837 2265 1934 Insula,
2315 1862 2481 1937 quae
2533 1859 2628 1915 ex
2683 1833 2839 1931 ejus
2892 1858 3021 1910 no-

330 1989 383 2032 „
442 1960 650 2013 mine
704 1935 953 2014 Sanffl
1005 1939 1330 2018 Secundi
1374 1961 1738 2036 vocatur,
1790 1938 2211 2017 honorifice
2238 1936 2640 2017 asservari:
2677 1935 2864 2015 Non
2905 1933 3025 2012 de-

320 2088 380 2132 „
441 2035 611 2150 sunt
667 2057 967 2133 tamen,
1018 2039 1150 2138 qui
1205 2040 1570 2137 scribant,
1623 2067 1779 2121 non
1834 2039 2040 2118 hunc
2094 2039 2548 2140 Episcopum
2588 2091 2615 2132 ,
2666 2036 2787 2114 sed
2842 2036 3024 2113 San-

318 2188 376 2233 „
422 2133 537 2213 &1
581 2136 913 2253 Secundi
966 2139 1337 2240 Martyris
1377 2142 1727 2243 Corpus,
1768 2140 1902 2219 ille
1943 2141 2194 2234 idem,
2244 2140 2375 2239 qui
2424 2135 2846 2216 Astenfibus
2888 2133 3026 2211 Di-

319 2289 378 2333 „
430 2261 572 2351 yus
617 2240 955 2317 tutelarls
977 2238 1130 2337 est,
1169 2242 1366 2339 apud
1411 2244 1745 2321 Venetos
1767 2244 1956 2337 esse,
2005 2242 2290 2340 Jacobo
2343 2234 2755 2338 Theupulo
2797 2238 3026 2314 Duce

321 2390 382 2436 „
434 2337 597 2415 1111c
653 2339 1094 2420 translatum
1131 2395 1156 2436 ,
1218 2342 1428 2441 quod
1505 2369 1582 2423 re
1638 2368 1814 2422 vera
1866 2344 2006 2420 esse
2061 2347 2216 2421 non
2272 2337 2556 2442 potest,
2605 2362 2781 2417 cum
2839 2334 3037 2414 inte-

321 2490 382 2536 „
439 2460 661 2537 grum
715 2439 1075 2521 hafi'tenus
1128 2443 1197 2520 S.
1256 2443 1581 2523 Secundi
1640 2443 2011 2545 Martyris
2063 2443 2367 2545 Corpus
2440 2441 2525 2520 in
2576 2434 3029 2518 Cathedrali

323 2590 385 2635 „
442 2536 726 2617 Astensi
779 2542 1069 2621 summa
1122 2546 1613 2624 veneratione
1666 2547 2067 2624 asservetur
2110 2599 2137 2642 ,
2188 2543 2390 2645 quod
2444 2540 2764 2621 solemni
2820 2561 3031 2638 pom·

323 2691 382 2734 ,‚
440 2661 537 2751 pa
585 2665 627 2717 e
684 2642 920 2721 veteri
997 2646 1260 2723 tumba
1335 2646 1471 2725 sub
1541 2672 1665 2724 ara
1741 2645 2079 2748 principe
2149 2643 2526 2724 transtulit
2600 2639 3026 2742 Stephanus

321 2792 380 2835 „
436 2742 720 2838 AJazza
771 2743 1182 2845 Episcopus
1233 2746 1356 2823 die
1413 2775 1530 2846 ις.
1586 2747 1788 2827 Maii
1841 2773 1961 2826 an.
2016 2775 2227 2847 1597.
2281 2743 2731 2845 inclufitque
2781 2741 2866 2818 in
2921 2762 3029 2817 ar·

319 2892 378 2936 „
434 2863 710 2939 gentea
762 2845 974 2942 capsa
1026 2845 1534 2942 pulcherrime
1588 2868 1998 2937 exornata,
2049 2865 2273 2942 caput
2328 2845 2410 2920 in
2464 2863 2816 2943 argentea
2869 2838 3030 2916 the·

316 2992 387 3053 ⁹⁹.
435 2963 528 3015 ea
581 2940 956 3019 inclusum
1010 2942 1095 3021 in
1147 2942 1464 3049 sacrario
1504 2943 1905 3057 spe-statur:
1961 2997 2026 3039 „
2067 2942 2481 3021 Clariffimi
2534 2942 2683 3020 viri
2735 2941 3031 3018 senten-

322 3056 576 3151 tiam,
628 3039 1075 3120 confirmant
1128 3068 1265 3138 ea,
1368 3068 1478 3120 uae
1532 3069 1613 3123 ιη
1633 3042 1815 3122 aeris
1867 3039 2496 3158 Manift’stationis
2532 3042 2669 3144 stu
2721 3032 3033 3136 Apptm‘·

319 3160 1049 3256 nonas-annoy471.
1094 3142 1317 3223 conse
1396 3144 1456 3224 is
1495 3143 1961 3238 afferuntur,
2016 3143 2534 3223 testimonium
2589 3164 2859 3241 nempe
2911 3141 3035 3216 Ve-

321 3233 689 3353 nerabths
706 3241 1086 3352 cujusdam
1112 3242 1566 3342 Sacerdotis,
1587 3267 1762 3323 tunc
1804 3246 2121 3345 (eodem
2146 3244 2395 3343 anno)
2441 3244 2522 3321 in
2544 3247 2728 3347 Asta
2767 3236 3032 3337 degen-

319 3364 426 3420 τις
447 3395 477 3437 ,
528 3368 655 3453 qus
696 3368 779 3418 m
820 3343 1255 3446 Monasterio
1278 3350 1306 3445 (
1331 3345 1680 3443 Veneto)
1719 3354 1793 3424 S.
1814 3342 2135 3425 Secundi
2160 3341 2590 3445 plerumque
2610 3341 2691 3421 in
2717 3336 3034 3424 Divinis

322 3438 815 3558 deseretendo
853 3441 1014 3543 fuit
1054 3446 1524 3546 conversatus
1572 3447 1992 3528 asserentis:
2045 3456 2286 3546 Caput
2337 3439 2540 3525 illius
2586 3452 2662 3523 S.
2716 3435 3036 3522 Secundi

330 3542 525 3641 (qui
579 3568 661 3620 m
715 3545 1013 3658 Veneta
1067 3547 1315 3626 Insula
1366 3548 1645 3629 colitur
1696 3547 1725 3644 )
1778 3575 1922 3625 non
1973 3548 2110 3649 effe
2161 3541 2604 3627 decollatum
2651 3545 2705 3622 ἃ
2756 3563 3038 3640 corpore

316 3660 556 3738 prout
605 3637 820 3742 husus
853 3655 930 3723 S.
949 3644 1268 3729 Secundi
1319 3642 1587 3729 militis
1626 3642 2069 3727 decollatum
2092 3646 2317 3750 suiffc
2369 3668 2669 3747 apparet
2688 3675 2719 3724 .·
2769 3643 2869 3721 Ο·
2920 3638 3037 3719 ita

313 3740 624 3863 ‘sancia
672 3746 1054 3860 confitetur
1102 3740 1427 3850 Ecclefia
1465 3772 1602 3849 per
1636 3750 1861 3850 suam
1911 3758 2220 3828 'Sacram
2271 3747 2678 3852 Historiam
2701 3804 2720 3823 .
3055 3818 3067 3823 -

437 3845 922 3960 Νυωςὴιίεε
973 3849 1237 3930 diebus
1291 3849 1525 3931 etiam
1600 3852 1910 3931 Sacrum
1964 3852 2221 3953 Caput
2275 3849 2606 3952 Corpori
2662 3845 3034 3925 adhaereat

332 3966 697 4043 umtum,
751 3973 876 4028 me
928 3949 1163 4047 latet,
1214 3971 1292 4029 at
1343 3951 1833 4052 fisejunaum
1889 3953 2121 4032 modo
2172 3973 2508 4048 extaret,
2563 3976 2720 4031 non
2773 3946 3042 4047 utique

325 4069 427 4124 ex
488 4045 643 4127 hoc
696 4047 1018 4130 Astenfis
1070 4051 1423 4132 Sacerdos
1475 4053 1849 4134 mendacii
1902 4053 2325 4161 arguendus
2376 4056 2549 4134 esset
2603 4107 2630 4149 ,
2699 4074 2877 4130 cum
2932 4044 3042 4125 di-

329 4145 572 4225 versis
623 4151 1092 4263 temporibus
1142 4153 1611 4249 venerabiles
1682 4154 1976 4233 exuviae
2029 4178 2123 4231 ex
2175 4153 2425 4256 primo
2498 4155 2579 4233 in
2632 4153 2957 4232 alterum
3007 4197 3040 4241 ‚

310 4269 424 4324 -ac
483 4243 814 4349 demque
885 4251 969 4331 in
1020 4252 1333 4333 tertium
1407 4255 1746 4334 loculum
1819 4253 2152 4335 dedue'tae
2226 4255 2507 4335 fuerint
2552 4308 2581 4351 ,
2646 4251 2851 4355 quod
2905 4246 3040 4325 vix

330 4347 1263 4531 Qqufgtssntg‘ipsarum
1288 4353 1577 4438 laefione
1599 4354 1762 4439 fieri
1793 4354 2109 4457 potuisse
2130 4355 2657 4540 cggnoscimus
2677 4411 2699 4431 .
2754 4356 3040 4526 Qiasm‘
