3884 5342
802 429 876 512 S.
939 427 1629 513 N1cor1t121>s
1691 426 2429 510 Touana-mo.
2679 444 2837 520 229

307 580 486 662 flate
535 576 1012 660 vindicabat.
1061 579 1400 679 Longam
1457 587 1709 658 t'exere
1764 572 2271 658 narrationem
2328 574 2619 656 n‘eceffe‘
2657 570 2846 650 foret
2900 564 2959 646 fi

295 680 680 762 recensere
731 680 1009 760 vellem
1044 732 1074 775 ,
1121 701 1309 781 quot
1363 699 1528 758 tum
1583 677 1908 780 publicis
1949 730 1976 773 ,
2030 695 2191 754 tum
2249 676 2559 777 privatis
2614 673 2969 750 sermom-

297 785 436 862 bus
489 808 531 862 a
587 783 1044 860 Daemonum
1099 778 1181 859 in
1237 779 1608 860 Divinam
1662 778 2103 860 servitutem
2155 771 2695 887 transmiserit,
2746 789 2966 885 quot-

287 907 439 984 que
490 885 590 961 ab
641 879 1054 959 immundis
1104 878 1488 981 spiritibus
1552 880 1866 959 obseffos
1920 875 2240 979 pristinae
2290 877 2694 956 restituent
2748 871 2975 984 hbet·

291 982 442 1062 tati
493 1037 519 1059 .
593 982 804 1060 Cum
873 982 1140 1082 procul
1213 984 1620 1061 Daemones
1710 980 1934 1058 illum
2003 1000 2397 1058 cernerent
2436 1032 2465 1074 ,
2536 975 2616 1052 in
2686 972 2977 1050 rabiem

290 1080 436 1161 affl
490 1084 771 1178 verba,
823 1082 1100 1181 quibus
1145 1083 1341 1160 olim
1394 1082 1486 1159 de
1535 1079 1848 1202 Christo
1904 1078 2251 1159 Domino
2301 1072 2687 1178 conquesti
2728 1069 2975 1187 sunt,

290 1186 730 1284 repetebant
774 1211 792 1261 z
848 1182 1062 1282 Quid
1117 1182 1404 1278 nobis,
1456 1183 1531 1262 8(
1583 1181 1776 1277 tibi,
1829 1177 2232 1259 Marinoni
2265 1234 2294 1277 ,
2343 1177 2526 1279 quid
2575 1197 2791 1254 verus
2840 1191 2979 1247 tor-

289 1307 506 1382 quere
557 1307 686 1362 nos
723 1289 765 1357 ?
817 1308 902 1360 ac
955 1282 1155 1382 quafi
1208 1283 1496 1364 vellent
1550 1307 1862 1384 corpora
1901 1338 1930 1378 ,
1980 1306 2143 1383 quae
2202 1282 2572 1359 vexabant
2622 1273 2983 1386 discerpe·

294 1408 427 1480 re,
479 1384 790 1461 tandem
845 1381 1001 1479 ejus
1056 1385 1519 1482 praesentiam
1572 1409 1749 1463 cum
1803 1382 2158 1462 sustinere
2209 1405 2366 1462 non
2420 1378 2705 1482 poss'ent
2752 1374 2849 1456 ab
2886 1393 2986 1449 ns

177 1545 188 1558 s
306 1483 660 1562 recedere
709 1507 896 1581 coge
907 1485 1211 1566 bantur.

291 1644 298 1652 .
407 1584 707 1661 Mirum
762 1581 966 1662 diem
1018 1583 1124 1662 est
1162 1637 1189 1680 ‚
1253 1584 1455 1686 quod
1530 1608 1920 1686 nunquam
1972 1583 2384 1664 Daetnones
2458 1579 2681 1658 illum
2749 1572 2988 1670 irnpe-

295 1682 566 1792 tierint
598 1738 629 1779 ,
704 1685 824 1763 vel
878 1684 1114 1764 scelus
1181 1685 1491 1787 aliquod
1544 1687 2024 1787 suggerentes
2061 1738 2090 1781 ,
2160 1682 2287 1763 vel
2340 1676 2691 1764 horribili
2744 1672 2987 1754 forma

301 1804 688 1864 tentantes
728 1838 757 1881 ,
829 1782 989 1862 imo
1041 1811 1215 1864 cum
1271 1786 1619 1866 in‘more
1671 1785 1828 1865 illis
1874 1786 2165 1887 semper
2235 1781 2461 1861 suerit
2514 1771 2994 1891 sanstisiimos

299 1885 558 1980 viros,
607 1906 737 1963 aut
795 1886 1281 1983 verberibus,
1334 1908 1462 1967 aut
1517 1887 1750 1966 etiam
1809 1881 2093 1986 plagis,
2143 1903 2287 1964 aut·
2328 1882 2774 1963 vehementi
2827 1896 2995 1987 tep-

301 1984 598 2064 tatione
668 1984 1047 2086 affligere,
1098 1988 1467 2087 Joannem
1542 1987 1844 2089 aggredi
1898 2009 2289 2088 nunquam
2345 1985 2657 2062 voluere
2708 2003 2735 2071 3
2807 1997 2998 2087 qun}

299 2086 564 2201 potius
617 2086 712 2166 fic
765 2090 858 2166 ab
910 2113 1004 2165 eo
1056 2086 1189 2167 fibi
1241 2093 1658 2184 cavebant,
1710 2110 1796 2166 ut
1849 2112 1947 2166 ne
1997 2088 2091 2165 ad
2143 2087 2398 2166 locum
2451 2081 2805 2182 quidem,
2860 2076 2996 2186 ubl

302 2211 371 2266 is
425 2189 598 2266 effet
640 2240 668 2283 ,
741 2189 1091 2268 accedere
1143 2189 1295 2268 aufi
1346 2191 1515 2268 sunt
1558 2247 1578 2266 .
1632 2189 1868 2289 Quod
1940 2186 2122 2267 licet
2172 2184 2528 2301 singulari
2584 2173 2996 2293 Micbaelis

299 2287 611 2367 Archan
667 2288 768 2366 eli
822 2314 998 2389 erga
1050 2289 1274 2368 illum
1328 2288 1660 2392 praefidio
1705 2289 2197 2370 tribuendum
2248 2287 2637 2379 videatur,
2690 2298 2992 2360 extmlae

302 2386 542 2501 etiam
596 2388 622 2463 i
689 2388 805 2466 ius
856 2388 1412 2488 sanstimoniae,
1462 2418 1552 2473 ac
1600 2391 1970 2494 praecipue
2022 2387 2358 2489 corporis
2392 2382 2781 2494 animique
2822 2401 2995 2458 can·

304 2485 529 2584 dori,
577 2489 1018 2590 ardentique
1039 2490 1120 2571 in
1148 2494 1403 2571 Deum
1459 2494 1701 2574 amori
1755 2491 2259 2595 proculdubio
2296 2487 3000 2596 vertendumputp·

343 2686 362 2702 ο
405 2588 768 2669 Humana
820 2591 1009 2673 facie
1050 2648 1079 2691 ,
1149 2594 1225 2674 8<
1279 2596 1529 2675 Marci
1583 2594 1816 2694 Nigri
1867 2593 2182 2673 nomine
2250 2588 2638 2672 fimulatus
2690 2579 3006 2699 familia·

297 2712 404 2766 τις
455 2690 772 2789 quidam
800 2693 1128 2772 Daemon
1180 2695 1688 2774 comitabatur
1739 2693 2169 2787 muliones,
2220 2693 2353 2792 qui
2396 2715 2439 2769 e
2482 2680 3003 2781 finitim1sp1a-

293 2787 416 2884 gis
461 2789 895 2899 ‘Neapolim
946 2793 1230 2871 cibaria
1278 2794 1796 2892 asportabant.
1849 2796 1958 2884 At
2010 2816 2189 2870 cum
2242 2792 2337 2868 ad
2376 2815 2553 2869 eum
2596 2782 3003 2898 locumfle·

297 2903 716 2998 venirent,
766 2889 895 2987 qui
949 2892 1386 2969 Cardinalis
1436 2891 1761 2987 dicitur,
1814 2916 1973 2970 non
2026 2889 2359 2969 multum
2413 2891 2510 2968 ab
2542 2912 2652 2974 ea
2700 2883 3002 2994 Civita-

297 3002 382 3063 te
429 2983 757 3083 distans,
809 2989 892 3067 in
943 3013 1091 3089 qua
1141 2992 1467 3089 Joannes
1520 2994 2001 3087 morabatur,
2052 2989 2400 3094 progredi
2454 2990 2811 3080 nolebat,
2861 2980 3005 3072 ἰδι-

300 3109 455 3201 que
513 3087 910 3202 redeuntes
960 3090 1444 3192 expee’tabar‚
1496 3112 1581 3170 ut
1634 3093 1729 3172 iis
1781 3095 1853 3171 se
1905 3093 2273 3174 comitem
2314 3089 2791 3192 adjungeret.
2844 3081 3006 3161 Cu-

302 3210 422 3284 Jus
477 3211 590 3264 ret
642 3188 938 3302 causam
992 3213 1347 3292 rogatus,
1391 3194 1721 3293 Neapoli
1775 3194 2155 3295 respondit
2199 3191 2601 3294 quemdam
2628 3190 2767 3271 effe
2789 3185 3007 3288 Ioan-

299 3311 490 3402 pem
545 3286 959 3372 Mannone
1000 3345 1029 3388 ,
1096 3293 1229 3393 qui
1277 3291 1416 3372 fibi
1459 3347 1486 3390 ,
1558 3293 1874 3395 aliisque
1948 3294 2281 3394 ejusdem
2332 3292 2636 3373 furfuris
2687 3290 2796 3371 ita
2845 3301 3005 3363 erat

302 3384 691 3483 xnfensuS,
743 3411 828 3468 ut
877 3391 1016 3471 ubi
1069 3391 1132 3471 is
1184 3394 1402 3488 esset,
1453 3394 1686 3473 adesse
1741 3394 1871 3496 ipfi
1925 3395 2579 3495 pertimescerent.

443 3488 684 3586 Quod
735 3490 1140 3572 Hortensio
1192 3494 1657 3595 Molignano
1731 3495 2059 3596 contigit
2099 3549 2127 3592 ,
2200 3491 2807 3596 pratereundum
2859 3507 3013 3563 non

297 3585 472 3669 est.
530 3590 726 3668 Rem
778 3616 1025 3672 narrat
1048 3592 1443 3674 Castaldus
1495 3596 1576 3673 in
1627 3595 1783 3695 ejus
1839 3594 1997 3676 vita
2048 3620 2208 3674 non
2259 3622 2415 3675 uno
2457 3595 2539 3673 in
2563 3596 2774 3674 loc0.
2822 3586 3012 3664 Erat

310 3692 648 3792 Joannes
696 3711 739 3770 a
787 3694 1373 3807 confessionibus
1451 3698 1849 3776 Francisco
1901 3696 2367 3797 Molignano
2421 3689 2803 3802 Hortensii
2906 3709 3015 3766 er·

310 3788 812 3907 mano-fratri
850 3848 879 3891 ,
950 3797 1070 3874 sed
1139 3799 1480 3876 moribus
1553 3798 1780 3897 longe
1854 3796 2271 3892 dissimili,
2345 3821 2523 3875 nam
2581 3789 3015 3876 Francicus

305 3914 628 3993 pretatis
680 3915 844 3973 erat
893 3896 1301 3984 admodum
1356 3895 1764 3994 studiosus,
1817 3896 2267 3978 Hortensius
2324 3895 2677 3977 vanitatis
2720 3952 2739 3972 .
2792 3888 3014 3982 Acci·

295 3994 430 4073 ‚dit
486 4017 795 4094 gravem
853 3995 933 4075 in
985 3999 1339 4076 morbum
1394 3998 1725 4077 incidere
1779 3998 2271 4078 Hortensium
2313 4053 2341 4096 ,
2410 3995 2847 4090 Franciscus
2901 4014 3022 4105 Ye-

309 4119 459 4190 το,
515 4113 604 4173 ut
652 4096 897 4180 fratris
947 4118 1108 4179 erat
1159 4097 1394 4176 animi
1453 4098 1874 4178 valetudini
1927 4098 2230 4199 potius,
2281 4126 2506 4201 quarn
2561 4092 3024 4197 corporistn-

323 4214 593 4309 tentus
632 4252 658 4292 ,
709 4198 1080 4296 Ioannem
1134 4198 1414 4280 accivit
1457 4254 1486 4294 ,
1559 4218 1662 4275 ut.
1695 4224 1871 4278 eum
1926 4201 2002 4277 δε
2056 4201 2537 4304 temporalis,
2607 4201 2681 4277 8<
2735 4214 3026 4304 aeterna·-

324 4315 513 4373 vttae
569 4295 1064 4415 discriminis,
1116 4301 1202 4380 in
1251 4326 1409 4402 quo
1465 4297 1939 4395 versabatur,
1992 4324 2516 4382 commoneret
2561 4357 2578 4376 .
2635 4298 3024 4375 Hortatio·

329 4397 566 4478 nibus
619 4422 776 4481 non
830 4424 1072 4507 paruit
1127 4423 1449 4512 aegrotus
1488 4456 1518 4512 ,
1567 4400 1730 4484 imo
1777 4401 1981 4508 quast
2018 4400 2439 4491 freneticus
2489 4401 2575 4486 in
2626 4391 3033 4577 Medaum
