3884 5342
814 2287 821 2296 ·
891 2252 977 2309 rie
1016 2249 1087 2310 de
1129 2256 1311 2311 Moxo
1351 2253 1720 2314 vercellensis

1015 369 1183 447 128·

972 513 1097 589 Ego
1138 515 1539 570 Bonaventura
1581 507 1733 568 filius
1774 511 1848 572 D.
1884 505 2066 566 Tadei
2107 503 2179 563 de

894 585 1191 646 Prabaldis
1243 587 1387 643 civis
1443 584 1573 642 Pad.
1632 582 1926 718 Impenfli
1985 581 2177 640 austo-

892 664 1072 724 ritate
1115 663 1376 720 notarius
1420 660 1678 731 publicus
1718 662 1834 715 Cur
1860 656 2176 715 eCastella.

890 757 966 797 ne
1006 738 1202 796 Scriba
1243 735 1506 812 predistis
1544 735 1809 794 omnibus
1847 734 1900 790 ἆ
1940 731 2174 811 singulis

888 813 1129 873 interfui
1170 812 1223 869 a
1266 826 1499 889 rogatus
1537 811 1778 869 scribere
1819 808 2009 882 scripsi
2041 810 2168 866 &in

887 887 1182 967 publicam
1225 886 1471 944 sormam
1518 887 1745 964 redegi.
1786 889 1894 944 Die
1934 884 2166 943 Sabbati

887 982 1045 1024 nona
1085 962 1219 1021 disti
1264 961 1463 1020 mensis
1503 964 1762 1021 Ostobris
1803 962 1860 1020 in
1899 961 2056 1020 dieto
2072 965 2170 1020 Pa·

891 1035 1198 1097 triarchali
1238 1036 1493 1097 Palatio.
1534 1037 1874 1096 Constituris
1917 1039 1976 1093 in
2022 1036 2166 1107 judi·

886 1115 985 1173 cio
1036 1130 1231 1172 coram
1288 1111 1442 1171 disto
1496 1118 1570 1172 D.
1616 1119 1781 1172 Petro
1837 1113 2072 1172 Vicario
2113 1113 2165 1170 ἃ

891 1189 1119 1250 arbitro
1158 1188 1476 1262 supradicio
1511 1189 1553 1247 s.
1593 1192 1785 1249 Diano
1823 1203 2167 1264 procurato-

892 1284 955 1324 re
994 1266 1048 1337 ὃς
1089 1268 1495 1340 procuratorio
1524 1267 1754 1324 nomine
1784 1265 2073 1338 predisto,
2112 1264 2166 1322 ee

891 1339 1049 1399 dian
1086 1341 1339 1399 Domino
1375 1342 1631 1413 johanne
1685 1360 1802 1417 quo
1855 1339 2021 1413 supra
2063 1358 2167 1398 no·

891 1419 1048 1475 mine
1089 1418 1367 1476 Dominus
1409 1418 1669 1475 vicarius
1723 1416 1775 1473 ἃ
1817 1416 2035 1473 arbiter
2084 1414 2168 1473 su·

890 1491 1177 1567 pradiflus
1218 1491 1431 1552 eisdem
1461 1494 1771 1551 terminum
1805 1491 2169 1566 perhempto-

890 1566 1214 1626 rie2statuit
1252 1566 1327 1625 ad
1378 1566 1528 1626 diem
1584 1569 1788 1626 martis
1846 1569 2166 1642 proximam

889 1642 966 1702 ad
1019 1642 1466 1718 comparendum
1519 1662 1721 1704 coram
1776 1660 1847 1701 eo
1900 1645 1959 1702 in
2011 1641 2170 1701 disto

887 1718 1114 1794 palatio
1159 1718 1278 1793 post
1321 1738 1501 1778 nonas
1543 1720 1593 1775 ἃ
1637 1734 1771 1778 ante
1803 1718 2058 1792 vesperas
2097 1716 2172 1778 ad

888 1794 1236 1853 audiendum
1251 1794 1341 1851 sen
1351 1796 1594 1853 tentiam
1609 1793 1842 1854 laudum
1865 1794 2171 1853 arbitrium

890 1870 945 1926 c:
987 1869 1409 1928 deffinitionem
1449 1869 1604 1930 suam
1643 1871 1702 1928 in
1747 1869 1912 1930 causa
1953 1870 2005 1928 Bt
2033 1887 2170 1943 que·

890 1945 1073 2003 stione
1115 1942 1419 2019 prediflis.
1852 1978 1867 1987 ·

967 2104 1024 2158 N
1063 2100 1269 2160 Christi
1315 2102 1551 2160 nomine
1568 2107 1783 2161 Amen.
1823 2106 1944 2161 Nos
1986 2106 2183 2162 Petrus

1006 2174 1077 2234 de
1118 2177 1362 2252 Bugella
1422 2178 1628 2237 Rector
1668 2177 1917 2238 Ecclesie
1959 2185 2011 2236 S.
2056 2185 2184 2238 Ma·

1793 2253 2042 2314 Diocesis
2085 2257 2183 2314 vi·

882 2327 1082 2384 carius
1121 2327 1428 2387 Generalis
1471 2330 1860 2393 Reverendiss.
1921 2331 1980 2387 iu
2021 2332 2188 2390 Chri-

1487 359 1688 446 DE
1842 359 2978 440 Menas-ranzo

2279 502 2443 576 super
2484 500 2643 576 ipsis,
2668 502 2933 562 omnibus
2971 503 3027 560 St
3066 502 3298 582 singulis
3341 504 3560 568 delibe-

2279 582 2505 640 ratione
2549 577 2850 650 prehabita
2904 580 3176 656 diligenti
3216 581 3421 640 divino
3461 603 3557 642 no-

2274 657 2429 712 mine
2470 671 2538 712 ac
2583 657 2753 713 Beate
2797 657 2860 712 Vi
2937 657 3044 712 inis
3095 655 3339 733 gloriose
3380 659 3431 714 ἃ
3473 663 3554 718 SS‘.

2271 729 2495 788 Andree
2560 729 2816 803 Apostoli
2871 673 2938 787 ..ἓ
3000 724 3230 791 Marthe
3308 734 3557 812 Virginis

2313 824 2513 864 uorum
2556 809 2848 882 negotium
2890 807 3081 882 agitur
3124 811 3434 880 invocato,
3472 810 3555 867 di·

2268 826 2363 939 210
2401 885 2476 939 D.
2519 882 2798 956 Phylippo
2829 880 2892 939 a
2933 886 3007 940 D.
3045 883 3300 953 Iohanne
3340 883 3556 944 sindico

2268 957 2321 1014 ἃ
2366 971 2741 1032 procuratore
2781 956 3089 1016 sindicario
3129 959 3180 1015 ἃ
3226 975 3561 1033 procurato·

2268 1025 2359 1091 rio
2399 1035 2631 1091 nomine
2689 1031 2943 1107 prediflo
2996 1035 3056 1090 in
3096 1033 3287 1094 nostra
3330 1034 3558 1110 presen-

2268 1110 2355 1167 tia
2411 1110 2484 1167 ad
2524 1107 2869 1166 audiendam
2925 1109 3074 1170 hanc
3130 1110 3378 1169 nostram
3433 1110 3556 1170 sen-

2269 1186 2518 1244 tentiam
2558 1184 2971 1242 diffinitionem
3033 1184 3264 1245 laudum
3310 1187 3364 1244 a
3402 1187 3554 1246 arbi-

2271 1261 2448 1319 trium
2489 1260 2816 1319 eonstitutis
2857 1271 2961 1335 pro
2990 1259 3145 1319 bono
3181 1261 3554 1334 pacis&con-

2270 1336 2466 1395 cordie
2507 1355 2576 1394 ex
2621 1337 2820 1415 vigore
2874 1337 3258 1411 compromissi
3315 1338 3554 1416 predisti

2270 1413 2616 1472 austeritate
2657 1412 2827 1488 ipsius
2867 1429 2934 1471 ac
2975 1416 3136 1470 omni
3179 1412 3558 1473 modo&sor-

2269 1506 2366 1547 ma
2405 1505 2474 1550 ac
2514 1486 2636 1561 jure
2676 1487 2894 1564 'quibus
2949 1488 3153 1548 melius
3217 1489 3499 1563 possumus
3541 1532 3558 1549 .

2268 1564 2535 1622 sedentes
2588 1582 2698 1639 pro
2737 1563 3015 1624 tribunali
3072 1567 3134 1622 in
3187 1564 3296 1623 hiis
3336 1565 3560 1642 scriptis

2272 1638 2604 1699 ordinamus
2648 1638 2943 1699 laudamus
2981 1641 3334 1700 arbitramur
3375 1645 3557 1718 preci-

2275 1717 2461 1791 pimus
2500 1716 2552 1772 8:
2594 1714 3019 1776 sententialiter
3071 1716 3391 1777 diffinimus
3434 1725 3561 1791 pro-

2276 1792 2612 1851 nunciamus
2654 1793 2706 1850 &
2748 1791 3104 1853 declaramus
3155 1792 3310 1870 quod
3351 1793 3564 1853 dietum

2282 1865 2694 1928 Monasterium
2759 1868 2850 1928 seu
2909 1871 3201 1929 Abbatiffa
3273 1868 3562 1931 Moniales

2147 1995 2156 2008 .
2282 1945 2602 2021 capitulum
2659 1947 2713 2005 Bt
2754 1945 3077 2007 conventui
3127 1945 3297 2023 ipsius
3355 1951 3562 2005 Mona·

2279 2021 2434 2080 sterii
2490 2027 2578 2082 SS.
2619 2022 2840 2083 Andree
2880 2024 2932 2080 ἃ
2977 2023 3208 2082 Marthe
3258 2021 3413 2082 dieta
3465 2021 3564 2082 sua

2283 2097 2569 2157 sententia
2609 2097 2731 2159 lata
2773 2119 2871 2175 per
2911 2099 3126 2158 dicium
3143 2099 3566 2158 D-Accursium

2286 2193 2393 2250 pro
2433 2189 2599 2249 parte
2651 2176 2934 2235 diflarum
2971 2177 3354 2235 Dominarum
3409 2176 3569 2251 capi-

2288 2253 2400 2310 tuli
2440 2251 2493 2308 δι
2535 2266 2856 2311 conventus
2894 2252 2975 2311 sui
3004 2251 3340 2311 Monastetii
3386 2269 3567 2310 rema-

2290 2341 2464 2386 nente
2521 2328 2579 2386 in
2620 2327 2720 2387 suo
2761 2328 2966 2387 robore
3008 2329 3061 2385 ⁸:
3103 2326 3387 2387 firmitate
3427 2344 3565 2386 con-

888 2400 983 2459 sto
1025 2403 1206 2460 Patris
1245 2403 1299 2461 ἃ
1340 2408 1413 2462 D.
1444 2408 1517 2462 D.
1560 2407 1781 2465 Andree
1824 2405 2189 2466 miseratione
2283 2417 2386 2463 rra
2421 2421 2596 2480 quam
2638 2403 2826 2464 nichil
2883 2399 3052 2479 possit
3093 2402 3336 2464 ulterius
3375 2403 3566 2480 excipi

899 2478 1120 2537 Divina
1171 2479 1370 2538 Sanste
1423 2479 1726 2541 Gradenfis
1784 2481 2031 2541 Ecclesie
2085 2487 2184 2542 Pa·

893 2554 1154 2612 triarche
1195 2556 1601 2632 Dalmatieque
1644 2560 1910 2618 Primatis
1965 2557 2184 2617 arbiter

890 2629 947 2684 ἃ
988 2628 1307 2688 arbitrator
1360 2633 1412 2690 ἃ
1469 2634 1793 2693 amicabilis
1830 2634 2184 2709 compositor

896 2707 1285 2765 communiter
1326 2708 1378 2765 ἃ
1420 2711 1790 2769 concorditer
1830 2730 1931 2786 per
1971 2710 2182 2770 dietum

888 2782 965 2836 D.
992 2778 1331 2858 phylippum
1361 2782 1719 2846 salamonem
1761 2806 1829 2845 ex
1872 2803 2039 2861 parte
2069 2806 2184 2847 una

884 2870 1159 2932 agentem
1190 2900 1208 2929 ‚
1264 2858 1319 2915 ἃ
1372 2863 1686 2921 Dominum
1739 2863 2055 2935 johannem
2109 2862 2180 2923 de

892 2932 1310 3011 Manteghellis
1363 2936 1431 2994 de
1488 2939 1748 2998 Bononia
1803 2937 2086 2998 findicum
2125 2939 2177 2997 ἃ

900 3025 1337 3081 procuratorem
1393 3011 1704 3074 {indicatio
1743 3014 1795 3071 ἃ
1840 3030 2178 3088 procurato-

890 3085 983 3139 rio
1023 3088 1256 3143 nomine
1300 3085 1563 3164 religiose
1620 3090 1672 3146 Bt
1716 3088 1947 3149 honeste
1987 3094 2062 3149 D.
2102 3094 2177 3149 D.

887 3159 1212 3236 Margarite
1250 3163 1359 3218 Dei
1400 3165 1591 3236 gratia
1633 3163 1923 3222 Abbatisse
1952 3165 2180 3225 Monia-

884 3227 1031 3290 lium
1088 3252 1403 3294 conventus
1450 3240 1500 3295 ἃ
1534 3239 1786 3314 capituli
1845 3241 2176 3314 Monasterii

886 3311 977 3364 SS.
1018 3310 1239 3368 Andree
1282 3311 1533 3385 Apostoli
1578 3315 1630 3372 ἃ
1672 3318 1904 3375 Marthe
1925 3320 2178 3395 Virginis

884 3382 959 3441 de
999 3386 1258 3444 veneciis
1296 3386 1616 3450 Castellane
1658 3390 1909 3451 Diocesis
1969 3412 2039 3451 ex
2094 3392 2179 3453 al-

888 3470 1021 3518 tera
1061 3460 1519 3539 deffendentem,
1560 3467 1771 3526 electu·
1812 3470 1868 3526 in
1912 3469 2080 3529 causa
2121 3470 2175 3526 ἃ

790 3581 797 3592 .
889 3534 1180 3609 questione
1252 3539 1502 3613 predista
1573 3543 1730 3602 inter
1781 3543 1927 3619 ipsas
1984 3559 2175 3619 partes

889 3626 1157 3671 vertente
1196 3614 1248 3671 ἃ
1289 3613 1505 3675 diutius
1564 3633 1685 3678 tam
1743 3622 1801 3678 in
1843 3619 2176 3680 Castellana

918 3705 1048 3747 uam
1090 3691 1148 3747 in
1190 3691 1458 3751 Gradensi
1491 3697 1668 3753 Curia
1709 3694 2028 3754 ventilata.
2078 3697 2171 3752 Vi-

920 3782 945 3818 s
984 3763 1364 3841 suprascripta
1410 3771 1697 3842 peticione
1726 3773 1818 3831 seu
1840 3772 2046 3830 libello
2071 3787 2174 3846 pro

872 3853 1042 3909 Parte
1080 3840 1583 3925 distiDAEhylippi
1629 3867 1730 3921 per
1749 3848 1963 3906 distum
1979 3846 2173 3906 s.Dia·

872 3929 1009 4000 noum
1067 3932 1185 4003 epus
1243 3936 1673 3991 procuratorem
1720 3924 1784 3979 ’ἃ
1828 3939 2170 3998 procurato-

871 4005 962 4044 no
985 4007 1214 4050 nomine
1240 4011 1344 4067 pro
1370 3996 1575 4055 eodem
1608 4016 1809 4056 coram
1843 3998 2007 4055 nobis
2039 4018 2169 4072 pro-

868 4060 1039 4151 dufla
1077 4084 1146 4125 ac
1186 4074 1590 4145 compromisso
1643 4072 2034 4131 instrumentis
2079 4073 2166 4147 ju-

871 4138 1027 4226 ribus
1066 4141 1459 4223 suprascriptis
1499 4149 1635 4207 hinc
1675 4147 1807 4206 inde
1847 4168 2046 4208 coram
2064 4168 2166 4208 no-

871 4213 959 4304 ¹²¹}
998 4235 1100 4290 per
1139 4220 1337 4280 eodem
1420 4239 1572 4283 artes
1613 4223 1904 4300 produftis
1945 4226 1998 4282 ἃ
2041 4245 2164 4285 om·

873 4290 1042 4351 nibus
1070 4335 1090 4365 ,
1142 4315 1252 4372 que
1292 4297 1350 4356 di
1412 4319 1442 4356 e
1485 4314 1673 4373 partes
1716 4302 1904 4362 dicere
1949 4320 2160 4378 propo·

864 4384 1002 4428 nere
1040 4369 1333 4433 ostendere
1374 4374 1427 4432 ἃ
1469 4373 1722 4453 allegare
1765 4371 2062 4439 v'oluerint
2110 4380 2163 4437 ει

2289 2477 2383 2538 vel
2423 2482 2641 2555 opponi
2682 2480 2774 2540 seu
2830 2500 2863 2539 a
2904 2484 2924 2538 i
2965 2478 3178 2540 direfle
3218 2480 3569 2540 vel'indire-

2280 2555 2367 2613 &e
2410 2574 2509 2631 per
2548 2554 2746 2633 aliqua
2784 2554 2841 2615 di
2977 2557 3069 2615 vel
3108 2555 3349 2616 dicenda
3367 2554 3568 2633 perdi·

2281 2632 2432 2691 stum
2488 2636 2563 2690 D.
2592 2634 2932 2769 PhylipEum
2972 2633 3026 2691 Bt
3066 2632 3399 2693 successores
3440 2631 3606 2691 suna.

2283 2721 2593 2768 teneantur
2630 2710 2685 2768 ἃ
2721 2709 2791 2768 de
2834 2725 2970 2770 eant
3011 2708 3193 2769 eidem
3237 2715 3313 2770 D.
3344 2707 3567 2784 Phylip-

2284 2802 2360 2860 po
2400 2785 2452 2841 ἃ
2493 2785 2604 2843 suis
2640 2785 2941 2877 heredibus
2982 2787 3032 2844 ἃ
3072 2786 3477 2846 successoribus
3504 2786 3566 2843 in

2282 2861 3312 2999 ffizffi‘tssfflm⁰ffl;.:ss⁰?.⁶a‘ff0}
3331 2862 3570 2998 {3:353

2280 3013 2334 3069 ἃ
2381 3027 2576 3087 petere
2617 3014 2915 3075 honestum
2942 3015 3266 3075 consensum
3298 3015 3471 3091 ipsius
3485 3018 3562 3072 D.

2281 3088 2550 3165 Phylippi
2606 3090 2878 3151 heredum
2919 3092 2970 3149 ἃ
3011 3092 3383 3152 successorum
3438 3090 3566 3147 suo-

2281 3183 2408 3222 rum
2464 3165 2699 3239 quando
2752 3166 2964 3228 diflum
3005 3168 3416 3228 Monasterium
3457 3182 3565 3223 va-

2281 3257 2415 3299 care
2446 3242 2794 3319 contigerit,
2835 3244 2991 3321 quod
3018 3243 3284 3305 eleflioni
3313 3241 3569 3302 celebra·

2281 3331 2342 3374 te
2381 3316 2538 3374 suum
2584 3318 2793 3392 prestet
2833 3320 3163 3380 consensum
3205 3322 3257 3378 dt
3288 3323 3347 3379 in
3378 3320 3565 3377 omni·

2278 3390 2382 3450 bus
2424 3392 2474 3449 ἃ
2522 3411 2621 3467 per
2673 3398 2869 3455 omnia
2924 3397 2978 3454 dr
3033 3396 3255 3475 singula
3306 3399 3367 3454 in
3409 3394 3564 3453 dieto

2279 3466 2657 3528 instrumento
2710 3475 2784 3530 D.
2815 3472 3077 3548 Phylippi
3134 3487 3416 3531 contenta
3453 3471 3567 3528 ser-

2279 3561 2417 3603 vare
2476 3560 2785 3606 teneantur
2825 3548 2880 3605 ἃ
2917 3549 3167 3609 debeant
3221 3567 3356 3607 curn
3410 3546 3564 3605 dieta

2275 3623 2352 3677 D.
2392 3622 2668 3691 Jacobina
2723 3623 3022 3684 fundatrix
3063 3646 3098 3686 a
3137 3643 3252 3701 qua
3292 3623 3448 3682 idem
3487 3626 3592 3680 D.-

2274 3695 2586 3771 Phylippus
2629 3700 3064 3775 juspatronatus
3108 3702 3326 3775 recepit
3372 3702 3431 3759 in
3474 3699 3562 3755 di·

2275 3770 2370 3827 sto
2415 3773 2771 3833 Monasterio
2826 3777 2896 3835 sit
2941 3780 3093 3838 viam
3135 3774 3396 3835 universe
3438 3793 3562 3834 car·

2272 3848 2363 3903 nis
2405 3848 2650 3925 ingressa
2705 3848 3061 3913 absolventes
3103 3873 3211 3931 pro
3256 3854 3416 3931 bopo
3462 3868 3562 3926 pa·

2276 3923 2360 3978 cis
2403 3923 2455 3980 ἀ
2498 3929 2810 3996 concordie
2865 3929 3045 3989 difias
3106 3943 3299 4005 partes
3341 3947 3377 3987 a
3419 3926 3569 4004 peti-

2270 3999 2439 4056 cione
2482 4003 2781 4061 exaffione
2836 4003 3117 4064 solutione
3157 4007 3209 4063 a
3253 4003 3568 4077 condemp-

2269 4076 2523 4135 nacione
2578 4079 2948 4154 expensarum
3005 4083 3138 4141 hinc
3185 4082 3329 4158 ‘inde
3382 4079 3567 4139 ἔκθα-

2267 4168 2395 4206 rurn
2439 4167 2559 4211 tam
2604 4155 2661 4211 in
2705 4155 3032 4218 Castellana
3073 4160 3250 4216 Curia
3292 4175 3466 4234 quam
3500 4156 3564 4211 in

2265 4227 2541 4286 Gradensi
2585 4248 2654 4287 ac
2696 4234 2875 4290 etiam
2917 4235 2975 4292 in
3003 4235 3278 4308 premissis
3318 4230 3567 4309 questio·

2270 4300 2441 4360 nibus
2484 4322 2684 4363 coram
2727 4307 2926 4366 nobis.
2966 4317 3089 4382 Que
3129 4311 3328 4368 omnia
3370 4308 3421 4365 δι
3453 4306 3570 4364 sin·

2271 4374 2414 4452 gula
2456 4378 2758 4444 laudamus
2797 4384 3190 4460 arbitramur,
3231 4386 3283 4443 ἃ
3313 4403 3419 4463 per
3447 4381 3570 4440 sen·

3358 4476 3488 4520 ten·
