3884 5342
746 400 1237 483 SANCTAE
1305 399 1730 482 Mamm
1795 403 2455 483 Grontosae..
2646 406 2808 509 289

272 571 527 660 ‚stem
584 553 758 634 Sina
812 556 890 631 in
948 552 1227 632 Arabia
1269 608 1295 648 ,
1370 549 1846 651 sepulchrum
1922 550 2214 628 visurus
2287 550 2366 628 B.
2413 550 2854 632 Catharinae
2897 607 2925 649 ‚

268 716 322 758 „
371 657 828 755 evanuitque
881 678 1184 753 repente
1236 676 1329 731 ex
1381 655 1624 731 oculis
1698 651 2072 729 sociorum
2119 709 2138 726 .
2213 653 2424 751 Quid
2498 654 2588 728 de
2641 654 2781 731 illo
2831 653 2932 731 fa-

265 815 322 858 „
360 760 577 839 ¹&turn
633 760 803 835 effer
856 755 1268 833 nescientes
1324 755 1505 832 hinc
1559 754 1732 829 inde
1789 754 2316 853 perquirebant
2359 805 2386 849 ,
2453 780 2654 832 nunc
2712 753 2932 854 suspi-

263 915 320 960 ,‚
371 884 625 936 cantes
677 857 829 935 alio
882 857 1258 954 delapsum
1301 911 1328 951 ,
1404 880 1604 932 nunc
1666 854 2022 931 timentes
2077 881 2118 929 a
2172 851 2344 931 feris
2399 853 2852 952 discerptum
2907 910 2928 930 .

259 1014 315 1060 ,‚
372 961 537 1037 Post
591 958 745 1037 dies
795 957 967 1036 osto
1020 959 1271 1036 denuo
1323 981 1726 1055 apparens,
1778 954 2330 1054 interrogatus,
2381 955 2451 1031 8<
2506 956 2930 1032 Sacramen-

259 1116 314 1160 „
363 1085 629 1138 mento
677 1086 719 1135 a
772 1059 1151 1137 Cornario
1203 1056 1583 1135 adstrictus
1641 1080 1721 1133 ut
1778 1057 2178 1134 veritatem
2224 1076 2646 1149 enarraret,
2700 1054 2931 1133 &ubi

260 1217 322 1259 „
369 1162 676 1240 offliduo
729 1159 1114 1239 delituerit
1156 1214 1181 1254 ,
1253 1160 1577 1238 ediceret
1631 1158 1875 1257 palam
1917 1213 1944 1254 ,
2012 1156 2409 1235 Confessus
2460 1156 2561 1234 est
2613 1158 2685 1233 se
2741 1155 2933 1255 patri

216 1317 313 1359 „,
367 1262 790 1339 mortaliter
860 1259 1345 1337 adcumbenti
1419 1259 1763 1338 adstitisse
1800 1315 1827 1355 ,
1902 1259 2257 1337 morienti
2331 1257 2586 1334 salutis
2639 1259 2932 1334 monita

256 1417 314 1461 „
368 1356 823 1462 suggessisse,
876 1359 1201 1437 defunffi
1258 1360 1481 1439 funus
1533 1362 1856 1455 curasse,
1908 1386 2024 1437 res
2075 1358 2509 1437 domesticas
2555 1357 2934 1458 disposuis-

254 1518 312 1561 „
365 1467 480 1540 se.
538 1464 906 1540 Reversus
961 1460 1258 1538 Italiam
1316 1463 1538 1539 heros
1585 1514 1612 1557 ,
1660 1463 1838 1537 dum
1894 1461 2392 1538 Lauretanam
2449 1459 2684 1537 aedem
2737 1458 2944 1537 invi--

254 1619 311 1661 „
365 1567 552 1641 seret
616 1562 1057 1639 Matelicam
1111 1562 1298 1640 abiit
1341 1617 1368 1657 ,
1422 1564 1580 1639 haec
1634 1564 2025 1638 dumtaxat
2079 1565 2598 1662 exploraturus
2638 1614 2664 1654 ,
2718 1584 2932 1638 exce·

251 1720 307 1761 „
360 1666 619 1763 pitque
675 1663 931 1740 omnia
982 1664 1356 1741 cohaerere
1410 1663 1745 1745 Gentilis
1798 1664 2260 1759 narrationi,
2310 1688 2538 1764 quem
2592 1661 2792 1738 iuter
2855 1662 2930 1739 se

248 1820 301 1862 „
354 1790 487 1862 per
541 1766 696 1843 dies
747 1762 920 1840 0610
972 1768 1371 1864 degentem
1424 1766 1968 1863 conspexerunt
2022 1791 2330 1858 omnes,
2383 1790 2477 1843 eo
2533 1764 2690 1863 ipso
2743 1784 2930 1841 tem·

248 1920 302 1963 „
356 1892 587 1965 pore,
639 1892 789 1964 quo
847 1888 1128 1963 patrem
1186 1869 1396 1943 suum
1453 1867 1758 1960 obiisse,
1812 1864 1944 1942 ille
1998 1866 2260 1943 retulit
2317 1866 2397 1942 in
2452 1864 2798 1942 Arabia)

352 2021 408 2062 ,.‚
466 1970 553 2044 ln
586 1968 1113 2064 Trapezundia
1165 1967 1236 2044 8<
1270 1968 1659 2045 Salmastra
1710 1966 2094 2043 Custodiae
2118 1962 2927 2059 Chaustenfis‚1&'Vi-

245 2123 307 2169 ,‚
358 2068 577 2144 cariae
633 2068 972 2145 Orientis
1011 2122 1037 2161 ,
1088 2070 1268 2145 dum
1324 2071 1570 2146 multa
1622 2067 1823 2163 figna
1878 2066 2152 2146 faceret
2205 2097 2229 2160 3
2285 2069 2586 2145 tandem
2644 2087 2923 2164 marty-

244 2224 299 2268 „
354 2168 446 2244 rii
505 2192 866 2245 coronam
922 2169 1230 2267 adeptus
1285 2168 1388 2245 est
1441 2168 1522 2245 in
1576 2169 1921 2245 Civitate
1981 2168 2417 2266 Toringiae,
2471 2170 2649 2245 dum
2709 2167 2921 2243 innu-

242 2325 297 2368 „
352 2268 544 2346 meri
599 2295 640 2345 a
699 2270 1174 2347 Mahometis
1230 2269 1535 2369 perfidia
1590 2269 1682 2347 ad
1739 2294 1990 2345 veram
2018 2269 2308 2347 Christi
2359 2269 2585 2350 fidem
2642 2292 2922 2346 convo—

240 2424 297 2469 „
350 2370 594 2445 latent
640 2425 658 2443 .
732 2372 1458 2471 Corpus·caputque
1534 2371 1774 2473 pretio
1826 2371 2302 2471 redemptum
2344 2426 2371 2467 ,
2447 2372 2586 2446 Vir
2641 2367 2919 2448 nobilis

237 2525 295 2569 „
349 2469 727 2548 Nicolaus
778 2472 1156 2571 Quirinus
1216 2472 1572 2551 Venetias
1625 2474 2091 2574 deportavit.
2144 2470 2567 2550 Cornarius
2618 2473 2715 2548 ab
2773 2471 2918 2547 hoc

184 2620 291 2671 0„
344 2570 686 2648 obtinuit
739 2595 1016 2671 caput,
1064 2575 1264 2674 quod
1321 2600 1591 2673 magna
1646 2573 2069 2651 reverentia
2121 2573 2328 2651 domi
2356 2571 2795 2665 asservavit,
2846 2569 2923 2648 8<

234 2726 293 2775 „
346 2672 661 2749 demum
718 2673 1103 2751 Fratribus
1159 2675 1602 2752 Minoribus
1675 2674 1953 2750 obnixe
2032 2673 2576 2769 postulantibus
2630 2670 2923 2749 conces-

234 2825 293 2868 „
344 2769 496 2844 fit.
569 2772 1178 2849 Construxerunt
1232 2774 1451 2850 sacris
1504 2772 1843 2871 reliquiis
1918 2772 2178 2848 nobile
2244 2774 2599 2850 sacellum
2657 2773 2926 2847 heroes

237 2922 295 2970 „
349 2867 722 2967 Quirini,
771 2872 845 2948 8<
899 2871 1939 2963 familiade‘Cambernardis
1995 2872 2073 2948 in
2131 2872 2284 2948 aede
2337 2872 2740 2949 Minorum
2786 2870 2924 2948 sub

233 3024 293 3070 „
347 2966 842 3048 invocatione
896 2971 1504 3072 S-Hieronymi‚
1557 2973 1687 3053 ubi
1743 2974 1876 3050 sub
1929 2971 2146 3051 altari
2189 2973 2384 3050 sacra
2411 2974 2719 3072 pignora
2743 2996 2921 3050 con·

232 3126 291 3173 5,
345 3069 704 3148 diderunt
748 3129 766 3147 .
844 3073 1059 3149 Dum
1115 3098 1299 3151 vero
1351 3077 1579 3172 longa
1633 3073 2038 3150 hominum
2094 3075 2637 3173 supplicatione
2690 3073 2764 3151 8<
2815 3070 2920 3149 so-

228 3226 284 3273 „
338 3171 579 3249 lemni
638 3171 786 3249 ritu
841 3172 1210 3251 ferrentur
1261 3200 1305 3252 a
1344 3177 1666 3273 ,regione
1721 3177 1788 3251 S.
1823 3175 2031 3251 Pauli
2091 3200 2220 3274 per
2261 3175 2590 3274 plateam'
2613 3172 2919 3251 S.Tho·

200 3306 284 3374 ‘23
338 3278 486 3349 maz
527 3325 552 3366 ‚
604 3270 805 3351 filius
856 3272 1240 3371 cujusdam
1296 3275 1821 3375 Ludimagistri
1880 3277 2497 3355 submurmurans
2548 3276 2844 3353 dicebat
2899 3301 2918 3352 ε

223 3430 283 3475 ‚,
334 3375 617 3451 timere
673 3395 970 3452 tantum
1027 3376 1373 3454 exhiberi
1433 3377 1801 3455 honorem
1830 3376 2045 3469 vim,
2099 3378 2309 3482 cuius
2363 3376 2706 3455 sanffltas
2763 3401 2923 3455 non

221 3531 283 3574 „
336 3472 701 3575 omnibus
753 3477 926 3553 effet
980 3479 1412 3574 explorata;
1464 3478 1608 3554 Sed
1668 3477 1910 3555 statim
1970 3476 2184 3552 sensit
2237 3478 2546 3574 superse
2574 3476 2914 3553 divinam

219 3600 295 3678 „*
332 3572 775 3671 ultionem,
827 3600 955 3654 ore
1008 3599 1103 3656 ex
1158 3598 1478 3681 utroque
1532 3579 1765 3657 latere
1821 3600 2102 3677 magno
2158 3576 2372 3654 hiatu
2425 3578 2514 3654 ad
2557 3574 2770 3655 aures
2814 3598 2920 3653 re-

221 3730 279 3776 „
334 3697 588 3757 torto·
1316 3738 1327 3747 .
1450 3700 1463 3711 ’

318 3834 376 3877 „
434 3776 726 3876 Agnita
777 3780 1044 3880 culpa,
1096 3781 1375 3860 humili
1433 3782 1936 3878 conseffione‚
1991 3782 2397 3882 emissoque
2440 3800 2625 3859 voto
2669 3779 2759 3857 ad
2789 3775 2919 3856 Vi-

211 3936 267 3981 „
320 3881 391 3959 ri
449 3876 703 3958 SanE'ti
759 3880 1238 3979 sepulchrum
1295 3886 1397 3987 de
1444 3887 1885 3962 venerandis
1961 3886 2292 3981 ejusdem
2370 3881 2710 3982 reliquiis
2765 3904 2924 3980 per·

206 4038 265 4083 ‚,
314 3979 516 4063 fefi’te
569 3981 962 4060 convaluit
1004 4039 1024 4059 .
1100 3983 1337 4061 Paulo
1382 3986 1535 4085 post
1578 3986 1999 4066 Cornarius
2044 3987 2275 4079 DuX‚
2326 3982 2700 4081 desperata
2758 3983 2914 4079 jam

206 4138 263 4183 „
321 4081 546 4185 prole
597 4083 928 4183 ejusdem
982 4083 1504 4173 intercessione
1557 4086 1742 4185 duos
1795 4087 1994 4166 filios
2037 4085 2423 4178 obtinuit,
2476 4084 2548 4160 8<
2580 4088 2916 4180 Paganus

206 4238 263 4285 „
314 4180 638 4282 quidam
693 4187 789 4267 ab
840 4210 933 4264 eo
985 4187 1429 4282 conversus,
1480 4188 1848 4289 inignem
1903 4186 2332 4282 conjeews,
2384 4204 2783 4284 apparente
2832 4182 2916 4258 fi·

208 4340 265 4383 ,‚
320 4283 417 4364 bi.
459 4282 571 4396 F„
604 4283 908 4364 Gentile
962 4288 1237 4367 illaesus
1286 4290 1527 4371 exivit
1571 4346 1598 4388 ,
1672 4290 1744 4370 8<
1796 4290 2041 4391 capite
2095 4286 2529 4388 pleftendus
2583 4285 2908 4362 eundem

223 4439 282 4487 π
334 4385 615 4465 habmt
667 4387 1256 4474 consolatorem.
1394 4444 1403 4453 ·
1498 4448 1511 4459 -
2819 4448 2824 4452 ι

328 4550 343 4575 .
429 4490 646 4590 Tem.
690 4490 806 4563 VI.
1942 4492 2089 4569 Oo
2593 4484 2811 4564 Duos
