3884 5342
944 381 1020 466 S.
1083 381 1561 493 Joanms
1622 372 2472 464 ΕνΑΝεΕιιςτιε.

369 533 551 633 qual
576 554 645 621 ,e
680 530 931 611 molto
949 532 1241 611 celebre
1264 530 1471 631 peril
1498 529 1656 609 Mi-

1755 548 1919 628 quae
1972 526 2290 608 celebris
2342 527 2559 607 valde
2613 527 2716 607 est
2738 405 3037 632 1312th

346 633 636 713 ‘racolo
690 635 1181 713 memorando
1226 634 1307 711 di
1332 633 1510 711 effer
1551 633 1656 711 so-
1754 629 2251 708 memorabile
2305 630 2755 715 miraculum
2804 685 2830 723 ,
2883 657 3036 730 quo

365 758 511 834 pra
548 734 851 833 l'acqua
892 787 918 830 ‚
969 735 1235 811 andata
1284 733 1366 812 in
1418 757 1648 811 mano

366 834 489 911 del
546 836 923 912 Guardian
980 836 1262 934 grando
1303 888 1328 929 ‚
1400 835 1543 912 che
1600 834 1648 911 1’

361 932 641 1011 habbia
695 937 871 1012 effer
926 937 1067 1012 ben
1121 936 1516 1013 assecurata
1567 934 1643 1010 di

360 1056 518 1112 non
592 1056 808 1133 poter
882 1036 1035 1112 mai
1112 1038 1290 1112 esser
1364 1034 1643 1114 furtive

364 1135 805 1234 trasportata
858 1135 948 1211 da
1000 1135 1273 1213 alcnno
1327 1160 1455 1235 per
1476 1159 1649 1237 qua-

359 1235 644 1334 lunque
696 1235 835 1311 suo
882 1258 1194 1333 oggetto
1235 1291 1262 1332 ‚
1328 1235 1377 1312 fi
1431 1262 1651 1317 corne

360 1333 441 1410 di
497 1336 737 1410 molte
810 1336 1164 1435 Reliquie
1237 1338 1460 1414 Sante
1513 1337 1560 1414 1’
1598 1337 1643 1415 ὲ

357 1434 721 1513 accaduto
761 1488 788 1530 ‚
838 1459 970 1536 per
1020 1438 1200 1514 effer
1249 1438 1343 1514 da
1396 1462 1643 1538 appre-

358 1531 594 1612 ciarla
648 1535 867 1611 senza
915 1538 1489 1638 comparazione
1512 1537 1642 1617 alli

353 1632 625 1711 danari.
665 1634 863 1713 delle
916 1638 1241 1734 Scuole,
1292 1640 1382 1715 de
1434 1640 1642 1737 quali

354 1732 403 1809 ὲ
455 1734 557 1810 sta
579 1733 959 1835 provisto,
1008 1740 1153 1817 ebe
1202 1738 1226 1815 i
1282 1738 1480 1816 fiano
1504 1742 1636 1818 ser-

346 1834 510 1912 vati
564 1836 764 1915 fotto
816 1836 949 1936 piu
999 1839 1316 1936 chiave,
1368 1840 1549 1941 peto

370 2092 377 2101 .
449 2036 831 2117 L’andera
883 2059 1138 2140 parte,
1188 2040 1329 2119 che
1354 2066 1630 2141 perau-

337 2135 578 2213 torita
627 2137 700 2215 di
754 2140 1479 2240 questoconseglio
1531 2141 1630 2220 fia

334 2234 644 2315 flatuito
685 2292 712 2331 ‚
783 2242 929 2317 che
999 2242 1070 2318 la
1122 2241 1325 2319 detta
1375 2243 1626 2321 Croce

336 2334 583 2414 debba
633 2339 813 2416 effer
868 2360 1126 2419 tenuta
1166 2342 1365 2420 sotto
1386 2364 1495 2422 tre
1519 2343 1621 2421 di-

250 2522 259 2531 ,
330 2436 541 2513 verse
593 2437 911 2535 chiave‚
963 2442 1158 2520 della
1199 2444 1421 2543 quale
1449 2445 1621 2523 hab·

339 2532 472 2613 bia
489 2560 532 2613 a
554 2535 697 2616 star
717 2544 1048 2639 appresso
1072 2568 1221 2622 una
1240 2545 1362 2621 del
1386 2545 1620 2623 Guar-

322 2634 503 2711 dian
554 2641 885 2734 grando,
937 2642 987 2717 1’
1010 2644 1197 2719 altra
1248 2645 1373 2721 del
1399 2644 1618 2722 Vica-

326 2732 449 2808 rio
487 2787 515 2826 ‚
585 2737 660 2812 &
714 2738 785 2812 la
838 2759 1043 2816 terza
1094 2741 1214 2817 del
1270 2740 1401 2839 piu
1455 2768 1617 2823 vec·

324 2829 515 2909 chio
563 2834 763 2912 della
812 2837 1062 2915 Zonta
1101 2893 1127 2933 ‚
1179 2838 1377 2918 fiche
1429 2842 1615 2940 ogni

314 2932 530 3009 volta
587 2934 1008 3015 l’accadera
1056 2938 1367 3019 s’habbi
1419 2943 1616 3042 aprir

316 3055 466 3109 con
522 3033 1028 3116 i'inteivento
1081 3041 1154 3116 di
1213 3042 1394 3119 tutti
1452 3065 1612 3137 tre,

311 3129 671 3212 dovendo
738 3160 921 3216 aver
994 3140 1366 3240 principio
1434 3143 1611 3221 l’os·

317 3230 745 3325 servatione
798 3238 875 3315 di
927 3238 1156 3338 quest'
1177 3241 1443 3321 ordine
1486 3243 1612 3323 all’

319 3352 569 3410 entrar
620 3336 743 3414 del
800 3336 1005 3417 novo
1056 3342 1487 3436 Guardian,
1537 3345 1613 3423 δι

318 3435 725 3534 compagni
794 3439 968 3518 dell’
1006 3465 1209 3526 anno
1261 3442 1614 3543 profflmo

318 3551 687 3614 venturo.
990 3596 993 3601 .

316 3800 327 3807 .
358 3802 367 3807 -
512 3737 739 3819 Praed.
767 3742 1000 3824 illust.
1022 3746 1349 3829 Consilii
1374 3744 1472 3828 Xe

844 3945 1122 4029 secret.
1146 3950 1599 4032 Laurentius

955 4049 1227 4130 Rocha
1250 4104 1273 4128 0

302 4198 315 4217 ’-
390 4237 504 4318 Di
554 4243 817 4341 questo
862 4200 1234 4332 nriracblo
1287 4234 1590 4355 uie-per

1749 731 1961 829 aquis
2013 730 2342 832 superior
2377 731 2470 807 ad
2493 729 2845 811 Custodis
2875 730 3037 810 Ma-

1756 829 1885 929 gni
1962 855 2228 909 manus
2300 829 2612 910 deflexit
2665 855 3037 931 ‚·nempe

1747 930 1951 1029 quod
2005 930 2109 1008 ita
2160 951 2376 1008 caute
2398 930 2900 1024 custodiatur,
2956 951 3041 1010 ut

1748 1029 2028 1108 furtive
2080 1055 2211 1131 per
2264 1029 2644 1108 neminem
2701 1032 3037 1132 subque·

1749 1154 2050 1231 cunque
2142 1152 2510 1232 praetextu
2596 1130 2809 1231 possit
2883 1132 3039 1213 alio

1751 1231 2132 1311 transferri
2174 1287 2201 1328 ‚
2274 1231 2457 1310 ficut
2510 1230 2601 1309 de
2656 1230 3036 1332 plerisque

1745 1332 1915 1411 aliis
1988 1330 2434 1411 Sannorum
2486 1331 2861 1431 Reliquiis
2914 1358 3037 1413 ac-

1743 1432 1997 1511 cidisse
2030 1433 2583 1534 comperimus.
2638 1434 2804 1532 Ipsa
2823 1431 3036 1513 enim

1742 1533 1846 1612 est
1916 1533 2133 1634 super
2203 1535 2678 1635 quascunque
2752 1533 3034 1613 Sodali-

1747 1634 2030 1712 tiorum
2084 1634 2446 1737 pecunias
2480 1632 2631 1713 fine
2654 1659 3033 1736 compara-

1740 1734 1956 1813 tione
2009 1735 2397 1834 pretiofior
2436 1789 2472 1832 ,
2532 1762 2716 1835 quas
2767 1759 3028 1817 tamen

1736 1835 1874 1915 sub
1928 1836 2277 1937 pluribus
2328 1836 2671 1916 clavibus
2710 1836 3030 1929 custodi»

1733 1935 1803 2013 ri
1854 1937 2225 2016 sancitum
2280 1935 2475 2016 suit.
2523 1940 2712 2016 Ideo

1833 2036 2220 2115 Statuatur
2290 2037 2752 2117 authoritate
2806 2038 3030 2138 hujus

1729 2134 2055 2215 Confilii
2078 2193 2114 2234 5
2159 2157 2244 2216 ut
2263 2136 2461 2217 dista
2482 2140 2698 2218 Crux
2740 2139 2874 2220 sub
2898 2139 3025 2219 tri·

1731 2237 1869 2316 bus
1890 2236 2130 2339 iisque
2153 2238 2460 2319 diversis
2495 2239 2837 2319 clavibus
2891 2265 3021 2320 cu·

1724 2336 2112 2433 stodiatur‚
2133 2364 2449 2441 quarum
2474 2366 2623 2419 una
2644 2340 2840 2441 apud
2861 2343 3019 2420 Cu-

1724 2438 2008 2519 stodem
2063 2441 2493 2541 Magnum,
2544 2442 2780 2520 altera
2817 2442 3018 2543 apud

1722 2539 2122 2618 Vicat-ium
2148 2595 2173 2635 ‚
2223 2542 2444 2620 tertia
2466 2566 2647 2621 vero
2672 2543 2866 2644 apud
2890 2545 3013 2623 Se·

1720 2638 2017 2717 nioretn
2072 2642 2271 2718 inter
2320 2641 2704 2739 adjufflos
2745 2644 3012 2722 Colle-

1718 2735 1850 2836 gio
1899 2764 2370 2838 permaneat.
2426 2743 2540 2818 Ita
2594 2762 2679 2819 ut
2729 2744 3013 2841 absque

1716 2838 1996 2915 horurn
2039 2839 2270 2917 trium
2294 2840 2779 2936 interventu,
2829 2867 3012 2941 quo·
3113 2846 3116 2851 ’

1717 2937 1865 3015 ties
1910 2964 2100 3039 opus
2151 2940 2375 3020 fuerit
2430 2941 2649 3020 educi
2705 2967 2862 3019 non
2917 2942 3012 3020 li-

1713 3061 1940 3131 ceat3
1995 3041 2220 3141 idque
2270 3041 2362 3120 ad
2417 3042 2822 3142 ingressum
2872 3069 3010 3122 no-

1713 3138 1791 3235 vi
1846 3140 2200 3221 Custodis
2249 3143 2322 3221 8<
2374 3143 2769 3222 Sociorum
2826 3145 3008 3222 anni

1710 3240 2056 3338 proxime
2112 3243 2413 3322 venturi
2449 3244 3010 3326 inviolabiliter

1714 3340 2092 3424 observari
2144 3345 2632 3425 mandamus;

1910 3740 2140 3832 Praed.
2167 3749 2407 3833 must.
2428 3752 2753 3835 Consilii
2777 3748 2873 3835 Χ.

2159 3992 2168 3997 ·
2239 3957 2516 4038 Secret.
2538 3955 2996 4037 Laurentius

2352 4058 2620 4138 Rocba
2641 4116 2664 4137 .

1792 4256 1914 4334 Ad
1970 4274 2297 4357 perenne
2352 4256 2677 4372 prodigii
2719 4278 2991 4334 monu-

285 4345 663 4424 memoria
735 4349 913 4429 nen’
970 4355 1313 4457 Albergo
1385 4357 1590 4439 della
1690 4378 2044 4439 mentum
2099 4358 2182 4439 in
2234 4359 2586 4441 Sodalitti
2658 4355 2992 4455 bospitio

1260 4457 1490 4538 Scuo·

2782 4477 2887 4534 Ka·
