3884 5342
1041 421 1196 500 292
1524 399 2979 482 DEMoNasmnnto

915 601 970 645 ‚‚
1018 547 1352 650 peractus
1403 545 1553 644 est,
1607 546 1739 628 ubi
1797 546 1912 625 M.
1968 545 2041 624 8(
2095 545 2193 625 D.
2249 541 2377 623 Illi
2419 544 2965 639 Patresmulta
3016 541 3405 645 quotidie,
3455 545 3585 627 do-

909 702 963 747 „
1013 649 1314 746 firmae,
1367 650 1441 730 8<
1496 647 1887 750 probitatis
1939 647 2281 748 exempla
2334 645 2677 742 edidere,
2726 646 2801 723 8<
2844 644 3231 725 florentiss.
3289 645 3446 725 haec
3481 650 3578 727 ci-

908 802 964 849 „
1016 751 1401 846 vitas‚.ex
1453 751 1515 848 J.
1561 750 1655 828 C.
1715 749 2026 852 publico
2082 764 2221 826 aete
2277 745 2602 846 ipsorum
2661 746 2993 847 inopiam
3050 748 3486 844 sublevans,
3534 775 3580 827 a

786 892 789 899 ·
905 905 960 947 ‚‚
1014 871 1270 929 vetere
1343 852 1474 928 suo
1549 851 1890 929 instituto
1965 876 2116 926 non
2188 847 2499 927 disceffit
2544 905 2561 923 .
2618 873 2753 927 nec
2811 874 2964 927 non
3018 850 3395 929 Bonaven.
3450 849 3580 950 pio

909 1005 963 1048 ‚‚
1010 950 1391 1031 costazaro
1420 952 1698 1029 Praefidi
1752 951 1955 1031 idem
2010 951 2110 1028 est
2165 950 2410 1029 honos
2465 970 2762 1051 propter
2807 950 3169 1029 virtutem
3223 973 3579 1051 propaga-

904 1104 961 1146 „
1013 1068 1132 1131 tus
1176 1109 1193 1128 .
1249 1052 1494 1150 Hujus
1550 1051 1861 1152 Templi
1922 1051 2251 1131 Praefeffli
2377 1051 2632 1129 osteris
2685 1073 2949 1130 notum
3005 1052 3144 1130 effe
3199 1051 3513 1131 voluere
3556 1107 3578 1128 .

900 1204 956 1248 „
1011 1156 1237 1230 Anno
1294 1152 1617 1233 Domini
1680 1155 2046 1232 MDvat.
2103 1175 2277 1229 xm.
2318 1078 2569 1252 funii.

1012 1254 1459 1332 Praenarrata
1515 1254 1834 1354 pretiosa
1892 1280 2091 1333 mors
2149 1253 2425 1332 Fratris
2480 1253 2851 1331 Francisci
2893 1307 2919 1347 .,
2974 1251 3404 1353 pauperculi
3458 1275 3577 1331 an·

902 1379 1090 1435 num
1147 1355 1380 1455 fignat
1438 1356 1908 1435 Mccctx1x.
1979 1383 2132 1456 quo
2186 1376 2344 1433 tota
2397 1380 2483 1439 ea
2535 1354 2803 1433 domus
2857 1376 2948 1432 ex
3004 1354 3356 1433 incendio
3408 1379 3584 1432 con·

902 1456 1291 1555 flagravit.
1351 1459 1580 1535 Nova
1636 1457 1889 1560 itaque
1930 1457 2335 1536 molitione
2389 1480 2575 1556 opus
2629 1456 2815 1535 fuit.
2869 1456 3079 1533 Cum
3133 1480 3315 1534 vero
3367 1455 3582 1533 fluxu

900 1556 1260 1656 temporis
1292 1557 1754 1641 Minoriticae
1810 1559 2263 1661 paupertatis
2318 1558 2537 1657 vigor
2588 1555 3057 1635 deferbuiffet
3111 1556 3192 1637 in
3234 1579 3400 1635 eam
3427 1579 3584 1633 ma·

893 1658 1255 1757 gnificam
1308 1681 1802 1761 ornatamque
1858 1660 2176 1740 formam
2228 1660 2517 1738 redacta
2569 1659 2672 1739 est
2713 1712 2738 1753 ‚
2793 1679 2873 1736 ut
2936 1659 3220 1757 Magna
3277 1658 3579 1735 Domus

895 1760 1250 1859 deinceps
1304 1763 1661 1860 appellari
1716 1763 2227 1840 consueverit.
2289 1760 2723 1839 Multorum
2784 1760 2922 1836 hac
2977 1759 3056 1841 in
3084 1784 3162 1837 re
3189 1757 3574 1859 perficien-

892 1859 984 1937 da
1039 1860 1503 1941 intercess'ere
1577 1888 1950 1940 annorum
2027 1862 2378 1962 periodi,
2455 1887 2591 1941 nec
2648 1861 2849 1959 prius
2903 1858 3494 1959 amplitudinem
3550 1913 3577 1956 ‚

892 1985 1120 2062 quarn
1179 1961 1590 2062 praesefert,
1641 1965 2042 2043 consecuta
2094 1963 2242 2058 est,
2295 1959 2703 2064 quampost
2725 1985 3011 2040 annum
3039 1961 3572 2039 Mccchxm.

896 2063 1005 2143 ob
1074 2087 1240 2141 eam
1317 2065 1610 2147 causam
1655 2120 1681 2161 ‚
1753 2089 1980 2166 quam
2058 2062 2277 2143 refert
2334 2062 2755 2142 Annalium
2801 2064 3100 2143 ·Parens
3157 2060 3574 2161 Wadingus

891 2182 1075 2242 tom.
1101 2173 1167 2244 6.
1225 2164 1311 2241 ad
1364 2169 1503 2247 An.
1548 2166 1677 2245 cit.
1726 2193 1931 2247 num.
1990 2194 2145 2265 144.
2197 2168 2488 2244 Damus
2551 2165 2809 2243 eadem
2877 2163 3563 2263 ipsiusmetverba.

995 2317 1050 2359 „
1107 2268 1332 2343 Anno
1378 2275 1605 2366 '1463.
1663 2269 1990 2347 Fabricae
2040 2270 2338 2345 Domus
2380 2267 2450 2344 S.
2497 2266 2568 2343 S.
2615 2264 2985 2345 Francisci
3032 2266 3057 2362 (
3101 2263 3560 2343 scilicetFra·

890 2419 943 2461 ‚‚
998 2385 1201 2442 trum
1256 2367 1326 2443 S.
1383 2366 1754 2447 Francisci
1797 2367 1824 2464 )
1879 2371 1950 2447 S.
2000 2367 2267 2445 Mariae
2316 2367 2804 2445 Venetiarum
2851 2420 2880 2459 .,
2926 2359 3008 2441 la
3048 2362 3243 2463 Casa
3281 2358 3562 2443 Grande

902 2520 957 2562 ‚‚
1011 2465 1426 2563 vulgariter
1479 2489 1928 2569 nuncupatae
1972 2525 1997 2564 ‚
2072 2471 2525 2567 deputantur
2599 2466 2879 2545 fructus
2934 2490 3222 2565 magnae
3273 2466 3576 2542 summae

908 2620 967 2663 ‚,
1014 2566 1504 2664 pecuniarum
1572 2568 1912 2669 depofitae
1974 2572 2169 2669 apud
2207 2569 2654 2669 Campsores
2700 2566 3286 2667 Imprestitorum
3343 2564 3571 2643 Urbis

893 2722 947 2764 ‚‚
1001 2669 1366 2765 Venetae,
1418 2696 1552 2770 pro
1608 2671 1903 2765 usibus,
1959 2673 2030 2750 8<
2086 2671 2636 2751 neceffitatibus
2692 2671 2997 2749 Domus
3049 2667 3366 2763 ejusdem
3417 2666 3572 2743 Ot-

810 2830 819 2837 .
904 2820 965 2865 ‚‚
1011 2768 1210 2848 dinis
1260 2773 1456 2870 apud
1514 2774 1711 2851 Perae
1767 2774 2153 2875 Oppidum
2208 2773 2251 2851 ὲ
2305 2773 2615 2874 regione
2669 2770 2898 2851 Urbis
2941 2766 3580 2869 ,Constantinopo-

870 2922 959 2967 .‚,
1006 2871 1259 2950 litanae
1313 2872 1746 2952 construc'tae
1802 2901 2002 2955 nunc
2057 2892 2310 2957 autem
2364 2902 2407 2952 a
2465 2873 2739 2955 Turcis
2791 2869 3210 2953 destrufiae.

874 2992 933 3061 f,
1009 2971 1395 3053 Postremo
1461 2973 1708 3054 nostra
1792 2976 1933 3054 hac
2009 2997 2230 3063 aetate
2302 2975 2685 3063 Antonius
2737 2971 3053 3053 ·Pittoni
3130 2969 3571 3051 Monasterii

876 3074 1297 3167 alumnus,
1350 3075 2054 3158 ut-introeuntium
2108 3078 2351 3156 oculis
2408 3077 2710 3173 hujusce
2767 3076 3068 3153 Domus
3120 3073 3367 3152 aditus
3420 3097 3571 3173 gra·

895 3174 1052 3252 tior
1104 3177 1501 3269 evaderet,
1555 3202 1641 3255 ac
1696 3178 2115 3277 elegantior
2169 3179 2313 3257 suis
2368 3176 2785 3278 sumptibus
2837 3176 3069 3272 januae
3112 3174 3422 3272 majoris
3463 3198 3568 3274 pe-

886 3274 1269 3389 ristylium
1329 3276 1534 3357 refici
1593 3279 2206 3377 magnificentius
2258 3280 2550 3359 curavit
2597 3333 2630 3372 ,,
2676 3276 3270 3373 marmoreisque
3329 3273 3580 3353 statuis

892 3375 1078 3457 hmc
1131 3375 1308 3455 inde
1360 3376 1626 3456 creetis
1680 3381 2130 3460 circumdari
2174 3434 2201 3476 ‚
2272 3380 2494 3467 acin
2551 3405 2734 3459 areae
2793 3378 3043 3457 medio
3096 3379 3186 3453 ad
3241 3401 3574 3457 commu-

891 3501 1073 3556 nem
1129 3479 1549 3559 utilitatem
1601 3503 1917 3581 puteum
1973 3482 2284 3583 lapideis
2338 3482 2616 3583 pariter
2669 3478 3088 3563 fimulactis.
3120 3498 3568 3561 exornatum

866 3576 1143 3659 instrui
1203 3578 1440 3677 jusfit.
1522 3646 1529 3653 .
1814 3654 1822 3666 ,
2713 3620 2722 3629 ·
3151 3656 3157 3661 ,
3345 3587 3393 3631 ·

980 3682 1152 3760 Nec
1206 3707 1291 3760 ea
1347 3688 1931 3782 tantummodo..
1985 3712 2150 3787 quae
2206 3687 2540 3785 superius
2583 3682 2983 3765 retulimus
3007 3683 3413 3765 Generalia
3435 3686 3566 3761 Or-

860 3782 1073 3867 dinis
1124 3783 1513 3896 Serapbici
1571 3789 1921 3868 Comitia
1979 3789 2326 3877 Venetiis
2375 3788 2756 3871 celebrata
2810 3787 3114 3864 suerunt
3160 3842 3188 3880 ‚
3263 3786 3396 3863 sed
3433 3784 3565 3858 ite·

870 3909 1045 3963 rum
1123 3904 1552 3987 iterumque
1606 3891 1956 3990 Capituli
2014 3889 2416 3971 Generalis
2486 3887 2797 3967 indictio
2872 3888 2954 3964 in
3009 3886 3205 3965 hanc
3259 3888 3566 3963 domum

860 3983 1066 4099 facta
1120 3983 1222 4062 est
1267 4045 1285 4065 .
1342 3988 1703 4090 Contigit
1760 3993 1998 4069 altera.
2048 4016 2251 4069 anno
2301 3992 2772 4071 Mccchvn.
2827 4013 3098 4069 verum
3119 3988 3414 4068 Calisto
3435 3985 3572 4063 111.

863 4089 1192 4183 jubente
1240 4113 1591 4168 revocata
1645 4090 1838 4186 fuit,
1892 4094 1966 4169 8<
2019 4092 2334 4173 comitia
2390 4094 2656 4173 Romae
2707 4090 3014 4170 fuerunt
3068 4090 3328 4170 coalita
3366 4144 3384 4163 .
3443 4086 3570 4165 Al-

860 4208 1019 4264 tera
1106 4214 1312 4267 anno
1372 4192 1862 4269 Mccchxlx.
1939 4196 1996 4243 “-
2046 4194 2423 4292 Affumpto
2499 4194 2708 4281 enim
2765 4194 2794 4287 (
2847 4208 2931 4275 ut
2985 4190 3092 4270 ait
3149 4189 3567 4288 Wadingus

863 4341 918 4381 „
973 4308 1074 4367 to.
1109 4313 1287 4367 xm.
1317 4316 1481 4390 pag.
1503 4290 1725 4389 435.)
1781 4296 1870 4369 ad
1912 4295 2491 4383 Cardinalatum
2556 4293 2915 4375 Ministro
2967 4291 3570 4375 GeneraliFtan-

862 4426 917 4491 ,ᾖ
967 4389 1184 4472 cisco
1237 4380 1733 4485 saonensi-,de
1787 4398 2092 4481 Ruvere
2136 4451 2166 4494 ‚
2209 4397 2758 4495 comnuffoque
2799 4396 2888 4483 ‚ei
2939 4420 3070 4496 per
3125 4392 3571 4573 Pontigcem

3230 4549 3284 4591 υ
3414 4519 3475 4573 s·
